3074 5202
313 421 373 486 100
632 423 855 500 Supplemenla
874 420 1091 484 Aniwtotwnis

315 619 405 679 quam
422 601 516 678 magis
535 601 642 662 fuerim
661 603 838 681 negotiosus.
866 604 974 663 Totum
989 621 1051 676 mo,
1071 603 1169 662 animo
1185 603 1361 681 tranquillo,
1377 606 1413 664 in

313 709 413 771 litem
441 710 549 770 abdidi
583 710 621 772 In
646 712 693 772 his
717 712 795 773 vivo.
824 712 893 772 Jam
910 712 1051 772 liberatus
1070 712 1219 773 fasfidiom
1236 714 1415 774 neaemitate

313 821 347 881 in
370 821 595 881 commentarios
618 841 720 882 rerum
744 822 855 894 medio,
882 823 961 898 quod
984 825 1106 896 vesunt,
1131 841 1204 884 aevo
1226 825 1361 883 autumn
1379 827 1415 884 et

277 981 279 986 .
312 931 472 1008 diplomata
496 931 613 992 infinita
637 932 842 1006 incumbendi,
868 932 957 992 redeo
976 931 1014 990 ad
1033 931 1173 1008 Graecos,
1197 933 1341 994 bonnam
1360 953 1411 992 ar-

312 1040 390 1099 tium
416 1045 549 1102 auctores
572 1061 606 1102 aa
632 1041 786 1119 piinoipes
818 1042 879 1101 Hos
903 1049 983 1104 n'una
1011 1042 1100 1102 danes
1125 1041 1235 1116 inillis
1252 1043 1411 1103 lituarum

311 1153 470 1232 generibus
496 1153 614 1214 consulo
634 1171 668 1212 aa
688 1171 807 1229 sequor,
835 1152 942 1228 quibus
961 1171 980 1210 s
998 1152 1108 1211 teneris
1127 1171 1175 1211 me
1194 1123 1306 1225 addixi,
1327 1155 1360 1211 et
1377 1153 1410 1211 in

311 1262 420 1348 quibus
445 1263 581 1324 dooendis
604 1263 752 1322 oonsenui.
781 1263 825 1320 Ex
845 1281 904 1339 quo
924 1261 1021 1321 studio
1041 1252 1182 1328 continuo
1200 1281 1274 1339 quos
1291 1261 1410 1320 fluetus

282 1441 286 1448 ,
310 1391 459 1452 quemque
483 1373 584 1432 duleas
606 1373 732 1449 sapiam,
760 1372 846 1431 daoile
865 1372 939 1430 mihi
958 1371 1115 1431 credideris
1133 1373 1182 1432 vel
1200 1391 1261 1432 non
1276 1373 1409 1448 juranti,

310 1484 363 1560 qui
380 1483 460 1542 idem
480 1481 612 1560 quotidie
632 1481 780 1559 expetiiis.

350 1592 518 1654 Admodum
546 1592 618 1652 mihi
642 1595 761 1670 gratum
787 1592 904 1664 feceris,
932 1592 985 1651 Vir
1010 1591 1221 1664 nuditissime,
1244 1591 1410 1669 siquando

309 1702 430 1763 beidam
448 1701 578 1775 venenis,
600 1702 721 1762 domum
740 1721 835 1762 meam
853 1703 1013 1778 praeterire
1027 1703 1110 1761 nolis.
1131 1702 1204 1761 Vale
1219 1719 1325 1778 resque
1339 1703 1411 1762 tuos

313 1831 366 1891 age
385 1810 523 1871 feliciter!

871 1988 873 1994 .
1031 1935 1110 1996 Tuus
1125 1937 1210 2002 ,omni
1227 1935 1328 1995 studio

350 2047 488 2128 Lugduni
507 2048 685 2108 Batavorum
1123 2047 1246 2104 Pasiam

350 2176 376 2216 a.
403 2157 432 2216 d.
453 2172 513 2218 xxv
531 2157 683 2216 Decembr.

354 2286 651 2338 cluloccuxxxxv.

346 2467 526 2545 longiores,'
539 2485 628 2544 quam
648 2484 724 2543 quae
742 2466 800 2524 huo
818 2466 1013 2539 nominentur,
1032 2468 1119 2526 erent
1139 2466 1270 2526 Voordae
1289 2466 1409 2528 literae.

347 2577 380 2636 P.
401 2574 470 2636 163.
509 2575 593 2637 Num
622 2593 687 2635 aoso
717 2575 779 2634 uisi
805 2579 1007 2653 posteaquam
1043 2567 1294 2653 wyttenbachius
1323 2581 1409 2638 certo

306 2686 509 2766 affirmasset,
536 2704 567 2744 se
597 2684 784 2746 caroloman
811 2683 1012 2744 Leidenstnm
1036 2686 1187 2754 ooeatmoi
1214 2685 1408 2764 obtmopm-
1535 2751 1536 2762 χ

307 2802 417 2856 toomm
425 2831 466 2842 -
474 2831 516 2843 --
524 2793 763 2875 caestuum]
775 2795 882 2868 Quum,
892 2797 928 2854 ut
940 2797 985 2854 est
993 2796 1026 2856 in
1035 2795 1105 2856 Vita
1113 2795 1283 2856 Ruhnkenii
1292 2815 1320 2872 p.
1333 2796 1405 2870 277,

305 2908 380 2968 hoec
394 2907 490 2966 oeteo
506 2905 597 2965 fuerit
612 2903 760 2979 conditio,
772 2922 835 2982 quo
848 2904 1074 2966 Anatelodomo
1087 2904 1199 2968 obduci
1206 2910 1307 2982 posset
1318 2905 1406 2982 Wyt-

306 3017 494 3090 teubaolnins,
518 3016 726 3076 sustentandae
751 3015 862 3076 scilieet
888 3015 1016 3074 familiae
1041 3013 1273 3074 Ruhnkenianaa
1298 3033 1404 3088 eausa,

306 3130 487 3205 quantopere
511 3127 633 3200 deinde,
659 3127 838 3186 commutata
863 3125 1001 3198 statione,
1029 3143 1080 3202 spe
1106 3125 1266 3184 frustratus
1291 3125 1404 3199 fuerit,

306 3237 485 3316 intelligitur
515 3256 550 3296 ex
578 3237 615 3297 iis
644 3255 720 3314 qnae
749 3238 849 3312 postea
879 3255 906 3294 a
931 3233 1013 3296 1805
1036 3234 1140 3295 Wolfio
1165 3235 1298 3311 sumpsit,
1325 3235 1402 3311 Epp.

305 3347 386 3407 Faso.
406 3347 447 3406 Π.
468 3367 497 3423 p.
518 3345 558 3405 93
578 3364 622 3423 sq.

346 3455 558 3518 »Ruhnkenius
575 3457 675 3515 noster
694 3455 840 3514 extinctus
859 3457 903 3515 est
922 3472 1021 3514 mense
1038 3453 1115 3528 Maio
1134 3451 1224 3514 1798.
1241 3453 1317 3516 Veni
1331 3455 1402 3515 Lei·

304 3569 374 3628 dam
393 3567 431 3626 sd
450 3567 542 3626 funus
562 3564 737 3626 curandum:
759 3567 790 3623 et
810 3581 894 3640 saepe
913 3565 1014 3640 postea
1028 3562 1102 3621 redii
1119 3563 1157 3622 ad
1172 3563 1313 3624 familiam
1328 3583 1402 3626 oon-
1533 3567 1534 3584 ¹

303 3679 454 3740 solandam
477 3681 508 3736 et
531 3676 714 3755 eligendam:
736 3675 820 3750 eujus
837 3675 889 3752 qui
904 3674 1018 3743 luotus,
1036 3691 1111 3750 qnae
1129 3673 1277 3736 effiiotetio
1293 3674 1402 3749 fuerit,

305 3789 366 3850 noli
386 3806 535 3867 quaerere.
555 3819 646 3832 --
665 3785 860 3845 Vehementer
879 3801 933 3844 nos
951 3782 1126 3842 sollieitabat
1146 3783 1295 3844 calamites
1315 3785 1405 3844 fami-

303 3898 376 3959 liae:
403 3899 473 3958 haio
492 3900 529 3957 ut
549 3916 681 3958 annuum
702 3894 831 3954 reditum
855 3892 1050 3970 assignarent,
1071 3892 1144 3968 petii
1164 3893 1405 3956 aenatoribus

304 4007 362 4082 lii,
381 4009 418 4067 ut
440 4009 472 4068 in
490 4008 604 4084 republ.
623 4006 758 4078 turbata,
779 4004 829 4064 alii
849 4002 913 4063 aliie
934 4002 1049 4078 saepius
1074 4003 1158 4064 brevi
1177 4005 1310 4080 tempore
1329 4023 1404 4064 sua-
1532 3997 1533 4030 ³

304 4117 427 4177 aedunt:
446 4118 559 4177 interea
577 4119 694 4192 tempus
713 4114 806 4191 penit,
825 4131 872 4173 res
891 4111 1018 4172 familiae
1038 4112 1191 4172 minuitur.
1213 4113 1326 4174 Sedatis
1341 4115 1403 4174 ali-

302 4229 447 4305 quantum
473 4227 615 4300 motibus,
636 4225 729 4285 scribo
749 4225 785 4282 ad
805 4241 894 4282 novos
914 4222 1083 4294 amatores,
1105 4241 1235 4282 caussam
1255 4223 1401 4284 Ruhnke-

300 4339 418 4399 nianam
442 4338 492 4408 is,
521 4337 616 4413 quoad
643 4338 706 4410 ejus
725 4333 789 4394 fieri
808 4335 937 4409 poterat,
959 4333 1168 4394 commendans.
1191 4333 1399 4411 Respondent,
