3074 5202
450 439 493 500 cd
519 439 619 501 Vitam
641 439 830 516 1101010011.
1150 449 1190 510 65

122 621 271 682 Gratulor
290 637 358 681 vcro
377 618 444 680 'libi
463 591 645 679 senectutem
661 621 724 680 tam
738 621 890 682 florentem
907 622 1122 702 virentemqna,
1140 645 1189 704 op

72 736 181 810 toque
202 751 237 792 ex
256 731 369 803 animo,
390 731 426 788 ut
447 729 499 788 din
523 729 618 801 adhuc
638 730 755 793 intersis
774 732 898 808 reipubl.
917 732 1087 794 litterariae.
1118 736 1188 797 Cae-

78 847 191 903 terum
210 840 384 902 Academiae
403 842 519 900 nostrae
538 839 620 915 fave,
637 859 743 918 meque
762 841 795 900 in
814 843 1102 905 commendatissimis
1123 847 1188 910 Tibi
1317 903 1319 915 ,
1368 918 1371 926 y

80 954 198 1012 habeas
216 969 332 1029 quaeso.
354 950 415 1009 Scr.
433 949 605 1028 Vitebergae
622 970 647 1034 a.
666 951 696 1009 d.
715 951 808 1012 XXIV
823 951 938 1012 Octobr.
959 952 1047 1014 1793.

128 1087 252 1168 Praeter
265 1108 342 1167 hanc
359 1083 534 1169 Doctcratus
550 1105 714 1165 Academici
730 1105 970 1186 quinquagesimo
990 1109 1096 1170 deinde
1111 1115 1187 1172 amic

82 1220 261 1280 renovatam
287 1216 470 1289 memoriam,
495 1214 670 1274 Ruhnkenio
692 1212 852 1276 identidem
871 1215 993 1278 honores
1014 1219 1186 1297 obtigerunt

81 1325 163 1389 varii
183 1326 300 1407 generis
321 1346 390 1387 cnm
408 1325 526 1404 publice
548 1328 615 1385 tum
633 1325 781 1402 privatim.
815 1328 858 1386 De
877 1322 1051 1388 Academiae
1076 1329 1184 1390 Inscri-

79 1439 227 1515 pticnnm
252 1439 283 1496 et
309 1435 523 1514 elegantiorem
547 1434 712 1494 Literarum
732 1435 900 1497 Parisiensis
919 1455 988 1497 cnm
1009 1439 1184 1498 Ruhnkenio

80 1548 244 1608 literarum
264 1546 434 1608 commercio
453 1565 543 1622 snpra
560 1544 688 1606 vidimus
707 1566 736 1623 p.
746 1545 786 1604 27
803 1565 864 1624 sqq.
881 1546 990 1608 Recens
1006 1549 1183 1609 constitutae

82 1659 227 1718 Societati
241 1655 346 1716 Litoris
362 1655 561 1716 Neerlandicis
575 1655 737 1716 excolendis
748 1656 882 1716 Leidensi
897 1676 963 1719 mox
972 1659 1041 1718 inde
1050 1660 1087 1720 ab
1097 1659 1182 1720 initio

81 1790 109 1828 a.
127 1765 210 1828 1766
230 1784 299 1827 enm
324 1767 437 1827 socium
462 1765 552 1826 fuisse
572 1755 767 1843 adscriptum,
788 1766 914 1828 diximus
932 1769 964 1827 in
983 1769 1132 1828 Addendis
1152 1773 1182 1828 et

82 1878 208 1938 Emend.
229 1877 266 1936 ad
286 1877 391 1953 Opusc.
412 1875 445 1934 Τ.
466 1873 509 1934 Π.
529 1896 559 1952 p.
579 1873 667 1940 1014.

126 1987 231 2064 Neque
254 1987 352 2046 minus
373 1985 513 2063 privatim
539 2005 557 2043 a
576 1985 773 2061 compluribus
793 1985 863 2047 viris
882 1986 974 2046 doctis
992 1991 1054 2046 tam
1074 1990 1180 2047 exteris

87 2119 180 2175 quam
203 2097 321 2175 patriis,
347 2097 395 2158 vel
418 2097 507 2156 etiam
533 2117 551 2156 a
575 2095 725 2174 discipulis
749 2095 827 2174 grati
853 2097 943 2156 animi
960 2116 1048 2156 sensu
1067 2098 1178 2170 ductis,

87 2211 212 2271 honores
232 2209 259 2268 ei
278 2207 371 2267 habiti
389 2208 474 2281 arnt,
502 2208 556 2266 aut
572 2206 715 2266 librorum
735 2205 770 2265 ab
786 2204 855 2282 ipsis
871 2205 1101 2284 conscriptorum
1117 2210 1179 2286 sive

86 2323 163 2380 dono
189 2319 251 2378 sive
278 2317 435 2377 honorifica
459 2316 664 2392 inscriptione,
695 2318 749 2375 aut
773 2315 830 2376 alia
856 2335 1031 2395 quacunque
1056 2319 1179 2380 ratione.

83 2426 327 2507 Wyttenbaclrius
347 2427 410 2502 ipse
428 2425 598 2486 tirocinium
622 2443 710 2486 sunm
728 2425 873 2504 Epistolae
893 2427 1011 2487 criticae
1032 2428 1064 2488 in
1083 2429 1180 2490 Julia-

86 2561 159 2599 num
179 2539 308 2615 aliosque
329 2537 483 2612 scriptores
502 2536 670 2596 Ruhnkenii
689 2538 802 2597 nomini
820 2537 968 2616 inscripsit
987 2558 1063 2598 anno
1084 2539 1177 2613 1769,

88 2653 124 2708 ut
148 2647 251 2708 retulit
275 2667 306 2725 p.
325 2643 393 2706 151.
413 2645 622 2706 Amceaitctes
640 2665 707 2707 snas
727 2646 882 2706 literarics
900 2648 962 2707 100.
982 2647 1057 2707 Phil.
1080 2651 1178 2708 alde-

87 2757 215 2820 denbach
235 2756 375 2830 Waklrer,
401 2757 501 2829 dctus,
525 2753 652 2832 Trajecti
670 2757 707 2814 ad
726 2757 819 2816 Rhen.
839 2777 865 2816 a.
886 2754 980 2830 1770,
1002 2757 1177 2818 Ruhnkenio

86 2867 264 2946 praeceptori
284 2847 539 2927 dicavit‘carmine
558 2866 701 2944 elegiaco,
720 2868 756 2924 ut
775 2866 903 2925 relatum
922 2865 1048 2944 legimus
1067 2887 1097 2943 p.
1107 2865 1176 2927 160.

127 2976 332 3053 Descriptionis
348 2975 476 3036 Tabulae
491 2975 641 3052 hospitalis
657 2977 763 3034 Romae
780 2979 926 3052 repertae,
951 2975 1055 3036 Italica
1073 2975 1177 3054 lingua

91 3088 211 3165 scriptae
221 3086 261 3167 ¹),
283 3087 439 3162 exemplari
462 3087 519 3164 ipsi
538 3087 634 3145 oblato
649 3086 802 3172 ,inscripsit
821 3106 912 3145 mann
931 3104 985 3146 sua
1004 3089 1120 3147 auctor:

243 3173 348 3257 navia
367 3195 542 3256 ammone
561 3195 629 3255 veo
650 3193 835 3253 creberrimo

167 3305 281 3366 Graecis
298 3307 435 3366 Romanis
454 3305 725 3381 amoenioribnsque
747 3304 865 3362 Litteris
884 3306 1096 3366 consultissimo

318 3415 411 3475 Editis
430 3415 567 3492 operibus
586 3413 742 3474 clarissimo

161 3525 233 3585 Fide
252 3526 400 3585 Probitate
420 3524 548 3584 amicitia
566 3523 708 3601 singulari
728 3523 819 3583 amico
839 3525 948 3600 optimc

236 3636 346 3712 Joseph
367 3635 502 3711 SpaDetti
521 3633 647 3712 chillns
667 3632 751 3693 hasce
768 3634 803 3693 D.
824 3635 860 3692 D.
881 3634 916 3693 D.

125 3745 251 3823 llleginm
269 3764 354 3804 snam
373 3745 411 3804 ad
429 3745 565 3817 Laidem,
585 3763 653 3802 cum
672 3743 737 3802 aliis
756 3743 945 3818 carminibus,
966 3745 1104 3824 Lugduni
1120 3747 1173 3806 Ba·
1257 3769 1260 3777 ¹

89 3859 144 3915 tav.
162 3855 267 3916 editam
285 3875 312 3914 a.
331 3853 426 3929 1786,
446 3855 586 3932 Vopiscus
605 3855 675 3915 Hor.
691 3853 787 3913 Aclrer
803 3853 912 3914 dicavit
934 3853 1003 3914 Viro
1022 3853 1066 3915 cl.
1082 3857 1171 3918 aad.

89 4037 272 4048 ..uuna—unna·-

126 4166 144 4242 Ι)
163 4177 365 4224 Diodiarcaeionc
391 4175 421 4223 di
447 4192 497 4224 000
522 4177 615 4225 Το0010
638 4175 770 4242 ospitale,
799 4177 925 4225 0010000εο
945 4177 976 4224 in
997 4177 1076 4225 Roma
1096 4193 1171 4244 sopra

90 4257 110 4302 il
132 4265 208 4305 mom
234 4255 369 4306 Aventina.
392 4256 463 4304 Rom.
487 4256 573 4308 1777.
597 4244 639 4307 4⁰.
663 4257 748 4306 Exstat
769 4256 831 4307 liber
852 4257 918 4306 inter
939 4255 1014 4306 libros
1034 4257 1168 4308 11010100.

90 4336 112 4382 in
131 4337 275 4386 Bibliotheca
296 4336 470 4399 10001030.
492 4337 544 4386 liet.

1006 4445 1019 4489 8
