3074 5202
648 342 850 439 'ductorium
873 377 1099 456 opusculorum

550 557 804 618 ORNATISSIMO
824 555 962 618 DAVIDI
981 546 1212 624 RUHNKENIO

766 685 771 693 ’
819 683 844 728 S.
865 683 892 727 Ρ.
913 684 942 728 n.

695 779 728 841 L.
747 777 784 838 c.
800 777 1063 840 VALOKENAER.
1125 795 1129 804 ’

262 880 267 887 ’
373 873 436 946 Nee
463 889 507 948 Tu
537 890 587 949 flos
609 891 757 968 juvenum
782 907 813 949 es
841 888 1070 968 elegantiornm,
1095 887 1137 947 mi
1156 884 1326 947 Ruhnkcni.
1362 885 1452 946 Turn

333 997 452 1058 demum
473 1000 562 1075 juvet
588 1000 687 1059 literne
714 1001 792 1060 ceste
816 1000 971 1071 tractasse,
995 999 1048 1058 nbi
1077 997 1167 1075 hujus
1192 998 1310 1078 generis
1332 995 1451 1056 adole-

331 1109 443 1168 scentes
469 1107 546 1169 viros
571 1108 666 1169 video.
697 1108 812 1178 Quanto
838 1126 924 1183 opere
950 1125 997 1166 me
1020 1107 1151 1183 ceperint
1172 1107 1346 1166 hnmanitas
1369 1109 1449 1178 tna,

331 1217 463 1276 doctrine
482 1219 571 1295 etque
590 1218 702 1296 ingenii
721 1217 868 1290 celeritas,
889 1217 958 1276 hinc
978 1215 1157 1289 aestimabis,
1178 1215 1270 1292 quod,
1290 1215 1353 1291 qui
1374 1235 1449 1276 snm

329 1327 362 1385 in
378 1327 555 1387 rescribendi
571 1327 666 1388 officio
680 1328 768 1404 poulo
785 1347 873 1404 quoni
889 1327 1043 1404 oportebat
1058 1326 1190 1404 segnior,
1211 1325 1248 1384 ed
1265 1337 1316 1384 ens
1331 1325 1447 1385 tamen

330 1437 430 1495 literas
458 1438 553 1496 multo
583 1437 826 1516 elegantissimae,
857 1437 964 1513 quibus
989 1455 1042 1496 mc.
1065 1454 1162 1512 nuper
1189 1435 1297 1508 beasti,
1327 1435 1446 1511 paneis
1515 1419 1516 1422 ¹

331 1548 449 1604 tentum
475 1546 578 1607 diebus
603 1546 789 1619 intermissis,
816 1545 1015 1624 respondeam.
1051 1545 1094 1604 De
1114 1544 1340 1620 Hermenopnlo
1359 1544 1444 1604 nihil

332 1657 376 1714 est
395 1657 474 1732 quod
493 1656 566 1715 mihi
584 1657 737 1734 propterea
756 1658 854 1736 gretes
873 1675 950 1734 ages.
984 1655 1014 1714 si
1034 1653 1113 1738 quid·⁴
1126 1654 1195 1714 indo
1215 1661 1333 1731 ceperes
1357 1672 1444 1715 emc-

331 1764 472 1840 lumenti,
500 1767 530 1825 id
550 1785 635 1826 omne
654 1765 761 1826 referes
781 1767 933 1842 acceptum
951 1763 1105 1837 Gouloni0,
1127 1783 1216 1841 quem
1234 1763 1363 1823 laudere
1385 1784 1442 1841 po-

330 1875 401 1936 toris
421 1877 456 1936 ui
475 1875 578 1936 Jctum
598 1880 629 1937 et
649 1875 813 1948 eruditum,
840 1874 920 1951 qnod
938 1873 971 1934 in
991 1874 1206 1952 Typogiephis,
1233 1873 1291 1934 hoc.
1307 1874 1439 1951 quidem

329 1985 441 2060 seculo,
468 1986 561 2050 instar
587 1982 632 2046 eet
655 1985 791 2064 prodigii.
829 1985 872 2044 De
898 1984 1118 2060 Hermenopnlo
1145 1983 1208 2044 Tuo
1235 1983 1336 2042 omnin
1360 1985 1439 2044 mihi

329 2113 437 2173 magne
461 2097 611 2172 polliceor:
639 2099 754 2156 tantem
778 2096 824 2154 'l‘n
843 2095 935 2154 literis
955 2094 992 2152 ed
1011 2113 1059 2152 me
1078 2093 1154 2154 detis
1175 2093 1307 2154 excitasti
1327 2110 1438 2171 exspe-

330 2204 503 2277 ctationem,
522 2209 559 2266 nt
577 2225 692 2266 summa
711 2223 866 2266 cumcurn
887 2207 918 2263 et
937 2205 1018 2262 lente
1037 2202 1101 2264 Tibi
1120 2203 1211 2264 sitin
1229 2221 1263 2262 eo
1279 2219 1374 2280 opere
1392 2205 1437 2265 fe·

330 2315 515 2388 stinandum,
539 2316 564 2376 si
583 2315 711 2377 volueris
730 2333 795 2374 enm
813 2315 944 2391 implere.
965 2313 1008 2374 De
1028 2312 1203 2372 Oeiiirncoho
1221 2331 1288 2372 rnen
1307 2313 1436 2390 quidem

331 2421 466 2497 opinione
490 2423 634 2498 judicium
658 2423 756 2482 Tuum
781 2425 825 2482 est
848 2424 995 2484 sincerum
1014 2424 1045 2482 et
1064 2422 1236 2500 egregium..
1259 2422 1291 2481 Si
1310 2442 1435 2484 versum
1518 2439 1519 2514 ξ

330 2531 359 2590 h.
386 2531 541 2610 inApoll.
559 2533 600 2594 44
626 2534 761 2612 spurium
787 2531 862 2609 esse,
893 2538 924 2594 et
942 2551 1061 2596 vorsrun
1081 2530 1116 2592 71
1138 2531 1170 2590 h.
1189 2531 1222 2590 in
1243 2529 1305 2590 Cer.
1329 2534 1435 2591 Τόσσοι
1517 2517 1519 2570 4

331 2643 386 2701 etc.
403 2644 517 2719 spurios
535 2644 630 2706 videri
648 2643 854 2723 significasses,
874 2643 948 2704 nihil
965 2642 1089 2721 emplius
1108 2642 1274 2719 praeterea,
1292 2640 1433 2714 tantillo,

330 2753 356 2811 si
381 2754 448 2830 quie
467 2753 509 2812 ite
527 2755 614 2828 velit,
641 2754 748 2814 indicio
768 2757 865 2815 motos
885 2773 939 2832 ego
959 2753 999 2812 Te
1017 2753 1050 2812 in
1069 2769 1172 2812 eorum
1190 2751 1311 2810 classem
1330 2752 1433 2810 trene-

329 2863 521 2940 scripsisscm,
549 2866 602 2942 qui
628 2865 692 2926 veri
717 2864 844 2925 nominis
869 2864 929 2923 sint
952 2865 1100 2941 Κριτικοι.
1134 2860 1177 2920 De
1197 2859 1318 2920 alterins
1338 2860 1431 2920 versi·

329 2949 390 3034 culi
415 2975 455 3036 43
482 2977 511 3036 h.
539 2977 571 3037 in
590 2977 687 3054 Apoll.
707 2976 885 3036 correctione
905 2975 1088 3054 Scaligerene
1107 2973 1144 3033 ed
1164 2973 1297 3048 Propert.
1317 2991 1348 3046 p.
1367 2968 1429 3030 173

330 3085 402 3161 quid
421 3085 538 3146 censes?
555 3086 628 3146 mihi
647 3105 717 3148 vere
736 3085 909 3147 videbatur:

514 3203 619 3260 Κεῖνος
638 3195 778 3262 ὀϊςευτὺν
796 3195 898 3278 ἔλαχεν
917 3195 984 3271 ῥέα,
1004 3204 1097 3258 κεῖνος
1115 3191 1232 3261 ἀοιδήν,

328 3299 408 3377 quod
434 3302 512 3362 enim
539 3303 653 3364 editum
672 3305 780 3379 Φοῖβος
797 3302 953 3362 memoriae
972 3300 1079 3362 vitium
1099 3300 1152 3358 est.
1184 3293 1305 3372 Scripsit
1324 3297 1423 3354 entem

329 3413 360 3470 et
384 3413 465 3471 recte
491 3413 639 3478 όϊςευιύν.
674 3412 720 3472 Sic
744 3412 851 3472 Noster
876 3411 908 3471 in
931 3409 1015 3470 Dian.
1036 3429 1064 3470 v.
1084 3405 1145 3466 495
1164 3407 1292 3460 omousio
1310 3405 1422 3480 posuit,
1519 3475 1520 3488 .

328 3521 391 3580 Del.
418 3542 447 3583 v.
468 3519 529 3580 394
549 3525 691 3601 γελαςύν,
716 3522 813 3600 Apoll.
840 3543 868 3584 v.
889 3520 929 3582 95
950 3521 1125 3599 concuties.
1145 3513 1220 3574 Scin’
1242 3513 1307 3590 quis
1327 3512 1423 3590 putidi
1518 3545 1520 3612 p

328 3651 429 3693 versus
449 3630 490 3691 44
512 3631 551 3691 sit
571 3630 693 3691 aucto?
720 3631 798 3692 idern
823 3631 873 3692 iile
893 3631 946 3708 qui
965 3628 1048 3689 nobie
1068 3627 1100 3685 in
1120 3624 1222 3716 eociem
1241 3624 1351 3701 hymno
1370 3643 1423 3701 pe-

327 3742 405 3817 perit
423 3762 452 3803 ν.
473 3739 523 3800 64.

462 3847 530 3908 Ὧδ’
550 3847 653 3923 ἔμαθεν
673 3849 708 3904 τά
729 3849 829 3924 πρῶτα
848 3849 988 3920 θεμείλια
1007 3843 1114 3917 Φοῖβος
1134 3843 1266 3921 ἐγείρειν.

328 3958 430 4016 Potuit
455 3961 554 4017 autem
579 3956 671 4016 lector
696 3975 756 4016 non
782 3956 974 4034 peritissimus
1000 3955 1032 4013 in
1053 3954 1185 4032 margine
1205 3955 1274 4014 olim
1294 3955 1419 4032 posuisse

328 4070 387 4132 πῶς
415 4069 520 4142 φυῑβος
552 4067 638 4144 ἔμαθε
672 4068 800 4142 θεμέλια
831 4065 969 4144 ἑγείρεινς
995 4099 1035 4109 -
1063 4062 1198 4142 ε”ῧπτερον
1225 4067 1311 4125 acute
1338 4085 1417 4127 exco-

327 4179 455 4256 gitatum
488 4182 532 4236 cst
568 4180 599 4238 et
632 4195 751 4255 prorsus
786 4179 958 4248 venusium
995 4175 1105 4240 οἰέτεας
1137 4175 1200 4251 ipse
1229 4181 1273 4237 est
1304 4178 1412 4238 veritos.

326 4287 416 4350 Paulo
445 4289 521 4349 inire
552 4289 642 4350 isium
671 4289 768 4350 locum
797 4289 825 4351 ln
853 4288 885 4349 in
905 4287 989 4348 Dion.
1010 4307 1039 4348 v.
1059 4284 1114 4358 28,
1144 4285 1195 4344 ubi
1225 4305 1277 4363 pro
1307 4287 1412 4364 Μέχρις
