3074 5202
348 383 387 446 72
489 480 491 486 Α
641 399 645 406 “
679 339 1113 470 Aucaacmopucculoaca

349 582 410 626 esse
436 584 454 624 a
480 565 598 626 notione
623 564 663 630 ia
685 566 755 646 quia
780 567 859 644 capti
883 568 969 646 piscis
989 569 1112 648 jactatio
1137 567 1227 632 intra
1249 571 1334 632 retia
1361 573 1451 634 simlh

348 672 441 734 furori
460 674 677 762 insanientium.
750 681 774 732 .'
1220 711 1224 720 ·

389 792 518 858 Arpos,
538 791 690 862 τράχηλον.
707 787 875 863 Suspicatus
890 788 1005 850 ineram
1015 790 1063 852 hic
1078 791 1176 868 jocum
1184 791 1294 852 latere
1304 795 1451 868 comicum,

348 894 399 954 sed
424 894 569 972 Abydenus
594 896 710 972 puellae
738 900 880 972 τράχηλον
908 898 972 958 Tibi
993 917 1054 960 non
1072 901 1201 962 arbitmr
1223 902 1450 980 displiciturum.

505 1117 621 1198 (Decsee
636 1117 776 1179 videntur
793 1119 929 1194 epistolae
950 1120 1016 1180 finis
1037 1073 1068 1179 ct
1087 1122 1300 1202 subscriptio.)

388 1229 560 1304 Sequuntur
580 1228 655 1288 duae
674 1227 821 1304 Epistolac
839 1232 975 1302 mutuae,
996 1230 1081 1289 editis
1096 1231 1278 1292 inserendae
1294 1233 1379 1292 intra
1394 1252 1447 1310 pag·

346 1337 386 1398 62
406 1342 437 1399 et
458 1335 508 1398 63.

555 1527 624 1588 Viro
647 1527 861 1602 celeberrime,
887 1531 1045 1608 amicoque
1064 1519 1241 1603 cathamo,

703 1639 735 1698 n.
757 1638 786 1697 c.
813 1639 1081 1720 vsncmmmo

661 1749 696 1808 D.
717 1749 965 1808 RUHNIOENIUS
986 1750 1014 1808 S.
1033 1752 1066 1809 P.
1087 1750 1121 1809 D.

386 1889 451 1950 Dici
471 1890 521 1950 vix
540 1891 652 1967 potest,
680 1890 826 1966 quantum
845 1888 947 1966 gaudii
967 1889 1079 1965 capiam
1099 1909 1134 1948 ex
1155 1869 1328 1952 amicerum
1348 1891 1442 1964 literis,

346 2020 421 2080 quae
446 2000 511 2060 iibi
536 1985 691 2079 pristinam
717 1999 918 2059 valetudinem
943 1999 1030 2074 plane
1055 1999 1225 2058 restitutam
1254 2019 1322 2061 csse
1349 1999 1441 2060 confir·

344 2109 437 2170 mant.
465 2109 539 2170 Sane
558 2109 641 2170 novis
661 2109 865 2186 meigniculis
884 2109 922 2166 ud
941 2108 1095 2178 literarum
1110 2110 1208 2182 studia
1225 2111 1359 2172 colenda
1377 2109 1440 2169 crci-

345 2220 405 2280 tari
430 2219 540 2292 sentio,
568 2237 635 2278 cum
661 2219 747 2278 illum
776 2217 875 2296 vigere
902 2220 991 2304 atque
1017 2218 1114 2278 velere
1134 2219 1274 2293 audiam,
1303 2219 1439 2294 crri„sis

346 2331 386 2407 τῷ
411 2332 485 2387 πάνυ
513 2328 681 2404 discessere,
706 2327 759 2388 nni
779 2327 911 2388 omnium
929 2328 1091 2403 plurimum
1110 2329 1225 2403 tribuo,
1249 2331 1304 2390 cni
1325 2329 1437 2404 denique
1503 2413 1504 2416 Ἴ

345 2431 394 2498 me
419 2456 542 2520 meaque
569 2437 667 2498 omnia
696 2457 786 2516 quam
816 2436 941 2497 maxime
968 2438 1085 2513 probari
1108 2438 1205 2515 cupio.
1244 2441 1353 2500 Liceat
1381 2452 1437 2512 ergo

344 2546 417 2606 mihi
438 2547 475 2606 ad
491 2545 647 2622 pristinum
666 2549 800 2609 nostrum
816 2545 970 2606 literarum
988 2547 1194 2608 commercium
1209 2550 1330 2623 redire,
1352 2549 1435 2622 Teque

345 2657 401 2718 sub
421 2658 484 2734 ejus
506 2657 668 2733 auspicium
688 2655 845 2716 laetissimo
865 2657 973 2732 nuncio
990 2657 1085 2716 heare.
1111 2657 1169 2716 Sed
1184 2678 1232 2718 res
1248 2659 1345 2736 paulo
1361 2655 1436 2716 altius
1503 2725 1504 2730 ἵ

349 2770 394 2828 est
418 2767 585 2844 repetenda.
616 2767 689 2826 Cum
711 2766 748 2827 ad
767 2765 862 2836 fontes
882 2761 1028 2842 spasmos
1048 2786 1115 2826 cum
1135 2761 1433 2842 amicissimchlhcrti

348 2869 513 2952 haererem,
541 2880 572 2938 in
599 2877 734 2936 intimem
757 2876 877 2953 perveni
897 2875 1125 2936 farniliaritatem
1145 2876 1208 2938 Viri
1228 2872 1432 2942 nardinum.

348 2994 379 3050 et
405 2989 564 3049 lucidentis
583 2986 708 3064 praediti
727 2986 868 3060 fortunis,
896 2985 1016 3047 Hernici
1037 2985 1137 3062 Gelly,
1168 2986 1255 3064 Regis
1276 2982 1433 3052 anaunia

242 3165 244 3170 ,
348 3119 416 3159 rum
442 3097 590 3175 Capellani
615 3098 645 3156 et
672 3095 843 3174 Thecicgiae
868 3095 1048 3156 Professoris.
1079 3095 1134 3155 Hic
1154 3096 1222 3155 inde
1241 3097 1369 3156 Parisios
1386 3093 1432 3150 iter
1503 3171 1504 3184 3

347 3208 479 3286 capiens,
500 3226 558 3284 qua
577 3209 641 3266 erat
659 3205 823 3265 incredibili
838 3205 1037 3277 humanitate,
1057 3223 1093 3264 cx
1108 3223 1155 3266 me
1172 3207 1351 3282 quaerebat,
1371 3218 1431 3262 nun

345 3317 419 3378 mihi
438 3336 525 3394 opera
544 3335 597 3376 sua
615 3315 847 3376 inconfercndis
865 3315 964 3394 Regiis
984 3314 1070 3375 Ocdd.
1090 3315 1159 3376 usui
1179 3334 1240 3376 esee
1256 3316 1358 3394 possit.
1375 3313 1427 3370 Sta

344 3427 401 3486 tim
433 3427 622 3486 succurrebat
650 3426 737 3486 toties
766 3425 929 3502 expetitum
958 3425 1068 3484 Timaei
1092 3425 1217 3486 Lexiccn
1234 3425 1426 3498 Platonicum,

344 3531 474 3615 itemque
495 3535 576 3595 aliud
595 3535 784 3609 Glossarium,
805 3535 963 3613 Regiorum
982 3535 1113 3595 omnium
1132 3535 1278 3611 optimum
1299 3539 1330 3596 et
1343 3532 1426 3611 prisca
1503 3541 1504 3558 ¹

343 3647 508 3708 auditione
528 3645 685 3718 refertum,
709 3647 793 3722 cujus
813 3645 959 3722 specimen
978 3645 1060 3703 dedit
1078 3645 1237 3704 Montfauc.
1258 3647 1334 3707 Bibl.
1353 3637 1424 3702 conl.

341 3779 371 3835 p.
392 3757 467 3820 481.
492 3757 565 3818 (lum
584 3756 707 3818 Parisios
727 3754 905 3828 advenisset,
930 3753 1005 3814 nihil
1024 3754 1109 3814 citius
1128 3754 1321 3829 factumest,
1349 3766 1426 3829 quam

341 3871 377 3927 nt
396 3869 452 3945 ipsi
471 3867 584 3928 Clariss.
607 3865 756 3926 Sallierius
775 3865 874 3946 (cnjus
894 3863 1049 3924 amicitiam
1069 3864 1142 3924 mihi
1156 3866 1219 3942 jam
1235 3867 1304 3926 ante
1319 3857 1426 3941 parerat·

340 3978 454 4040 Alberti
474 3977 585 4058 noster)
604 3978 676 4040 haec
696 3977 755 4038 duo
776 3974 913 4049 κειμήλια
932 3976 1117 4037 exscribenda
1137 3976 1228 4036 deret.
1255 3975 1323 4053 Ipse
1336 3974 1426 4032 tamen

340 4091 410 4150 Rev.
438 4089 538 4167 Gally,
563 4089 627 4149 aliis
653 4086 778 4167 negotiis
798 4086 959 4161 distentus,
982 4085 1163 4146 describendi
1181 4085 1333 4162 negotium
1352 4073 1423 4140 dedit

339 4199 447 4259 loanni
464 4198 701 4276 (lapperonieric,
724 4197 849 4257 Graecae
864 4195 996 4274 Linguae
1005 4194 1177 4267 Professcri,
1198 4195 1297 4270 nepoti
1308 4182 1421 4268 ejusqui
1503 4215 1504 4270 b

339 4308 570 4379 Quinctilianum
590 4308 690 4368 edidit.
722 4308 762 4365 nt
781 4325 849 4366 sane
869 4323 929 4365 non
944 4307 1060 4382 poterat
1076 4305 1131 4364 hcc
1148 4303 1291 4363 committi
1307 4300 1354 4361 alii
1367 4313 1421 4357 mc·
1504 4300 1505 4319 ¹
