3074 5202
438 438 481 495 ed
508 435 605 494 Vitem
629 431 818 493 Ruhuheru'i.
1133 426 1171 488 fil

82 620 127 680 od
145 616 339 697 Sophoclem,
365 615 479 692 Lipsiae
500 611 590 673 1753.
619 612 719 681 enum
736 609 924 686 eompmimet
941 607 1022 668 hunc
1039 606 1174 666 libelhm

83 752 102 788 a
118 728 290 788 Ruhnkenio
313 727 422 786 frustra
440 725 556 802 quaeri,
576 723 655 782 ultro
674 722 769 780 mittit
787 722 852 796 ejus
870 719 1031 794 simplet,
1052 718 1173 794 adjeetm

84 839 178 898 literis
185 882 195 912 ,
223 855 349 914 quarum
377 835 591 914 autographum
619 852 687 892 cum
714 833 777 908 ipso
804 831 905 890 lssrello
933 831 967 890 in
993 829 1173 888 Bibliotheca

85 948 353 1026 Lugduno-Batave
379 948 458 1007 inter
485 945 695 1006 Ruhnknniena
723 944 876 1013 servatur,
906 959 1041 1018 quaeque
1070 941 1113 998 ita
1141 959 1173 999 se

87 1058 207 1118 habeut:

313 1167 404 1227 VIRO
424 1164 684 1224 cmuBnRRfflo
703 1160 948 1230 nummio,

570 1290 596 1333 s,
615 1291 644 1333 Ρ.
664 1291 693 1332 n.

507 1387 537 1444 J.
558 1386 587 1443 J.
606 1384 752 1444 REISKE.

125 1498 359 1568 Luchtmannus‚
375 1496 484 1554 amicus
499 1497 611 1567 noster,
628 1515 695 1554 cnm
711 1495 863 1554 certiorem
880 1512 927 1552 me
936 1493 1066 1562 sectaret,
1087 1491 1171 1562 nTe,

86 1609 140 1666 Vir
158 1607 360 1679 Celebem'me,
380 1606 512 1666 libellum
527 1606 655 1683 aliquem
670 1625 784 1678 meum,
804 1605 906 1663 multis
923 1607 993 1662 ante
1007 1603 1091 1662 annis
1108 1601 1172 1660 edi-

83 1721 168 1790 tum,
195 1719 225 1776 et
249 1716 362 1776 dudum
386 1735 404 1774 a
428 1735 477 1774 me
500 1715 640 1776 oblivioni
667 1715 785 1787 datum,
815 1715 989 1785 demderari,
1014 1713 1171 1790 indignum

85 1827 214 1902 profecto
239 1826 365 1902 hisque
391 1828 422 1884 et
440 1825 625 1885 literatorum
643 1826 776 1886 omnium
794 1825 901 1899 oeulis,
924 1824 1043 1882 frivolas
1062 1824 1172 1900 quippe

88 1939 119 1994 et
143 1954 235 2011 poene
258 1936 385 2011 pueriles
403 1935 543 2011 qumdam
562 1935 599 1994 ed
619 1935 788 2012 Sophoclem
806 1936 986 2011 conjectum
1004 1936 1171 2004 tenentmr,

88 2063 149 2104 non
172 2045 257 2120 potui
281 2045 398 2121 quidem
424 2045 531 2116 faeere,
558 2046 632 2121 quin
656 2064 725 2104 eum
747 2045 785 2104 ad
804 2045 844 2103 'I'e
863 2045 1028 2115 mitterem,
1053 2043 1107 2120 qui
1124 2062 1172 2102 me

89 2171 185 2238 nuper
202 2153 318 2232 gemino
337 2153 470 2214 donesses
485 2154 636 2212 cultissimi
651 2155 697 2213 tui
712 2154 824 2232 ingenii
838 2158 1041 2225 monumento,
1061 2153 1173 2212 Rutilio

87 2264 171 2339 Lupo
197 2265 227 2322 et
247 2261 352 2340 Elegio
376 2263 646 2336 Hemsterhusiano‚
670 2283 724 2340 pro
750 2283 808 2341 quo
827 2265 943 2342 egregio
963 2283 1085 2322 munere
1103 2282 1175 2342 gra-

86 2375 143 2432 tias
163 2372 227 2431 Tibi
246 2371 337 2432 habeo
356 2392 468 2450 egoque
487 2373 641 2434 maximae:
668 2374 855 2434 vehementer
873 2379 973 2433 temen
999 2394 1113 2447 vereor,
1134 2393 1174 2436 ne

82 2484 187 2560 judicii
210 2483 266 2541 Tui
291 2501 413 2543 acumen
433 2487 553 2543 conatus
570 2485 621 2543 ille
636 2485 775 2560 juvenilis
794 2485 891 2544 minus
910 2485 1001 2557 ferat,
1023 2487 1108 2562 eujus
1125 2485 1174 2561 ip-

87 2613 157 2654 sum
178 2596 286 2652 memet
304 2612 382 2653 nunc
401 2594 492 2670 pudet
510 2596 657 2673 pigetque.
688 2596 783 2654 Scatet
804 2597 884 2654 enim
903 2596 1017 2654 mendis
1035 2596 1174 2672 turpissi-

89 2705 143 2764 mis
158 2703 407 2779 creberrimisque,
426 2704 458 2762 id
468 2706 546 2780 quod
555 2725 650 2780 nuper
659 2705 849 2780 deprehendi,
871 2706 1040 2780 Sophoclem
1050 2707 1173 2777 iterum,

87 2816 153 2889 post
172 2831 281 2872 annum
300 2813 390 2872 ferme
408 2815 580 2892 vigesimum
599 2815 739 2892 relegens.
760 2815 854 2884 Quare
874 2817 924 2874 abs
941 2816 981 2873 Te
998 2819 1067 2891 peto
1084 2818 1175 2891 atque

88 2925 245 2996 contendo,
266 2925 303 2980 ut
321 2941 389 2980 cum
410 2923 588 2983 schediasma
607 2927 661 2984 hoc
676 2926 736 2984 mei
750 2945 821 3003 erga
837 2927 877 2985 Te
894 2927 985 2984 studii
1001 2945 1176 2985 monumen·

90 3036 156 3092 tum
170 3032 313 3110 benignus
329 3032 449 3108 accipies
464 3036 661 3112 servabisque‚
677 3039 744 3094 tum
759 3037 861 3096 sedulo
877 3057 979 3097 caveas
995 3056 1030 3094 ex
1047 3055 1082 3095 eo
1092 3035 1176 3112 quio·

91 3162 180 3220 quam
194 3143 321 3218 proferre
337 3143 467 3218 publice,
488 3146 565 3221 quod
581 3146 821 3206 existimationem
838 3167 934 3205 meam
949 3147 1083 3204 minuere
1092 3163 1176 3222 posse
1199 3159 1203 3166 ·

91 3253 232 3313 videatur.
261 3252 387 3328 Ipsemet
406 3254 483 3312 enim
503 3274 556 3333 ego
578 3275 657 3316 nunc
675 3259 773 3317 totum
788 3258 864 3316 illud
877 3257 1053 3333 opusculum
1069 3257 1175 3314 damno

89 3365 120 3421 et
142 3379 295 3440 nunquam
320 3363 468 3440 proditum
486 3367 617 3438 mallem3
645 3387 815 3444 quanquam
833 3366 1036 3442 percommode
1055 3365 1176 3436 accidit,

88 3473 123 3531 ut
145 3491 237 3548 poene
262 3473 371 3532 nemini
395 3474 572 3550 innotuerit,
594 3495 662 3536 eum
680 3477 857 3554 exemplaria
874 3494 1035 3552 perpauca,
1057 3477 1177 3534 centum

87 3581 222 3656 omnino,
243 3563 361 3643 fuerint
372 3603 488 3644 excuse:
506 3605 564 3663 quo
583 3586 695 3646 factum
714 3590 759 3646 est
778 3589 814 3645 ut
834 3605 869 3645 ex
888 3586 980 3644 oculis
997 3582 1177 3644 etmemoria

88 3691 239 3752 hominum
255 3693 340 3769 plane
359 3694 549 3771 disparuerit5
571 3697 654 3755 tanto
671 3696 787 3755 melius.
818 3695 885 3754 Non
904 3696 1038 3770 superest
1057 3689 1177 3769 quidem

90 3802 253 3877 exemplum
277 3803 356 3863 aliud
381 3807 496 3881 praeter
523 3806 591 3880 hoc,
623 3807 702 3882 quod
728 3804 794 3863 Tibi
819 3804 915 3862 mitto.
950 3802 1006 3860 Sed
1033 3819 1067 3859 eo
1092 3799 1179 3858 facile·

90 3927 182 3970 careo.
215 3913 288 3972 Sunt
306 3915 378 3974 aliae
398 3916 519 3976 schedae
539 3917 575 3974 ad
594 3913 778 3992 Sophoclem,
799 3912 942 3988 superiori
958 3928 1056 3968 mense
1073 3909 1178 3969 Martio

89 4040 107 4077 a
124 4039 171 4078 me
191 4023 381 4099 conscriptae,
402 4027 496 4084 multo
518 4025 603 4082 editis
623 4022 842 4082 emendatiores.
870 4018 974 4077 Rutilii
990 4018 1046 4076 Tui
1061 4019 1178 4093 placent

89 4131 198 4205 omnia,
218 4134 267 4192 sed
287 4134 319 4193 in
337 4136 438 4211 primis
459 4137 553 4211 plecet
569 4134 698 4193 Historia
715 4132 814 4191 critica
832 4131 982 4188 oratorum
991 4105 1177 4206 greeeorum‚

90 4257 147 4315 que
166 4244 279 4318 saepius
296 4247 366 4304 utar
382 4246 414 4304 in
433 4264 564 4320 corpore,
586 4244 617 4302 in
638 4261 696 4319 quo
712 4239 860 4300 condendo
877 4255 957 4297 nunc
974 4236 1071 4296 laboro
1088 4233 1178 4294 dubio

90 4368 155 4408 cum
180 4371 322 4414 successu.
355 4353 447 4422 Quam
473 4353 624 4413 Theocrito
651 4349 757 4412 novavi
778 4367 912 4424 operum,
940 4366 973 4405 ea
1000 4346 1058 4405 fuit
1079 4345 1179 4404 edmo-
