3074 5202
442 383 484 441 ud
511 383 611 442 Vitam
637 385 866 462 wyttenbachio.
1150 389 1212 449 1l3

98 562 246 643 Φῶσειις
263 567 410 644 μηχανὴν
428 564 615 642 προοιέγτιν,
636 563 687 628 καὶ
710 566 929 643 μεταβάλλειν
946 567 997 629 τὸν
1016 567 1074 642 μὲν
1090 569 1208 641 Δανιίρλ

102 686 154 755 εἷς
180 683 362 765 Θεόκριτον,
387 685 440 749 τὸν
461 686 493 750 δὲ
515 686 736 765 ΒιιτΊενβοὶχιον
758 689 802 758 εἷς
824 687 998 768 Εὐρύρῥοον·
1022 685 1210 763 mictualis

101 805 263 884 ἑρπιγενῆ
293 805 453 887 Θεόκριτον
480 807 640 887 Εῠρὺρροον
669 810 885 888 ἀναφανῆναι·
908 809 1008 872 καίτοι
1031 808 1091 874 οὐδ’
1113 805 1128 873 ὅ
1150 811 1210 874 Εὐ·

101 926 231 1006 ρύῤῥοος
259 927 341 990 πάνυ
372 928 407 992 τί
428 952 469 1004 με
493 928 625 1007 ἀρέσκει.
660 926 779 1002 Μάνιος
801 929 859 1004 μὲν
881 925 930 994 οὖν
952 929 1070 1007 μενέτιο
1091 928 1210 1002 Μάνιος

101 1049 148 1116 ὡς
179 1046 217 1121 δὴ
240 1050 399 1124 Ῥωμαῖος.
435 1056 600 1128 Σλοιτῆρος
624 1049 660 1122 δὲ,
678 1049 914 1126 μετακαλείσθον
935 1049 1155 1130 Κλείτιος.·τῷ
1178 1049 1210 1115 δὲ

102 1167 259 1248 Λυνδῆνιρ
282 1170 335 1232 καὶ
358 1170 402 1248 τῷ
425 1169 542 1250 Εὑπδίρ
565 1169 647 1233 οὔπω
670 1169 836 1250 Φάρμακον
859 1169 1040 1250 εὑρήκαμεν.

156 1290 270 1352 Ἀλλὰ
291 1291 355 1367 γὰρ
377 1288 504 1354 πλείονα
528 1314 569 1368 με
588 1287 722 1370 γράφειν
742 1291 868 1355 θέλοντα
888 1290 1040 1354 ἐπιλείπει
1058 1291 1073 1354 ὅ
1091 1289 1209 1372 χρόνος,

102 1406 192 1472 ὥστε
223 1410 278 1484 ἤδη
309 1411 396 1482 τέλος
428 1411 572 1474 ἐπιθεῖναι
601 1410 650 1474 δεῖ
676 1419 716 1491 τῇ
747 1412 911 1490 ἐπιστολῇ·
941 1410 993 1475 καὶ
1017 1410 1060 1476 τὰ
1082 1413 1138 1488 μὲν
1160 1406 1210 1476 οὖν

102 1538 255 1594 πλεῖστα
284 1537 344 1595 τῶν
375 1529 602 1611 γεγραμμένων
631 1531 791 1610 παίζοντος
818 1536 940 1609 μᾶλλον
975 1527 1009 1604 ἦν
1032 1532 1049 1607 ἦ
1075 1533 1210 1598 σπονδαί-

103 1651 236 1732 ζοντος.
267 1649 345 1716 ὥστε
371 1652 414 1716 τὰ
445 1653 599 1718 σπουδαῖα
628 1655 756 1726 εἷςαῖιθις
790 1651 980 1729 ἀποθώμεθα
1013 1655 1056 1725 εἰς
1079 1655 1131 1718 τὸν
1153 1662 1209 1728 τῆς

103 1773 239 1838 καθόδου
266 1771 372 1853 χρόνον
400 1773 452 1838 καὶ
482 1777 525 1846 εἷς
549 1776 604 1849 τὴν
625 1774 689 1838 ἐπὸ
711 1774 867 1852 πόματος
890 1774 1026 1850 ὁμιλίαν.
1058 1773 1206 1854 ”Elpeum
1244 1755 1246 1762 ,

104 1895 165 1958 καὶ
198 1893 343 1958 ιἰτπασαι
374 1901 446 1974 παρ’
469 1895 543 1970 ἐμοῦ
559 1865 617 1958 ’τὸν
639 1891 760 1972 ἄριστον
782 1894 892 1975 ἀνδρῶν
915 1893 965 1957 τὸν
987 1894 1109 1973 πατέρα
1132 1917 1204 1972 που,

107 2015 166 2079 καὶ
190 2015 234 2079 τὰ
256 2012 346 2078 ἄλλα
367 2016 527 2095 Φίλτατα.
559 2019 715 2096 Ἔγραψα
739 2016 770 2078 ἐν
790 2016 833 2093 τῷ
853 2014 979 2095 κνπιδίιρ
999 2023 1037 2094 τῇ
1058 2015 1098 2093 ιῖζ
1112 2014 1206 2091 μηνὸς

108 2136 292 2212 Aurora·
317 2135 378 2200 ἔτει
400 2160 440 2217 ρ,
462 2161 505 2213 ον,
526 2161 562 2213 7.

275 2395 310 2452 D.
332 2392 657 2454 WYTTENBAOHIUS
677 2393 777 2452 JANO
798 2393 1035 2454 TENBRINKIO

595 2519 623 2562 V.
641 2519 672 2563 o.
693 2519 719 2562 S.

146 2660 264 2717 ldterao
287 2662 356 2717 tuae
376 2657 410 2716 V.
431 2657 465 2716 D.
486 2658 590 2733 plusne
609 2659 683 2716 milri
703 2659 863 2734 voluptatis
881 2678 919 2716 an
939 2660 1137 2735 admirationis
1157 2661 1203 2736 at-

105 2769 249 2840 tulerint,
269 2788 329 2828 non
348 2767 433 2827 facile
454 2769 590 2828 statuam.
621 2768 697 2825 Nam
716 2771 747 2826 et
765 2769 908 2840 mirabar,
930 2787 998 2826 eum
1015 2769 1052 2826 cd
1068 2787 1115 2827 me
1132 2771 1204 2843 scri-

107 2880 194 2952 bere,
215 2896 303 2954 quem
319 2879 451 2956 plerique
466 2878 584 2953 ajebaut
600 2895 668 2936 cum
685 2897 759 2950 esso,
780 2879 832 2954 qui
847 2879 880 2935 in
889 2878 1000 2952 libello,
1022 2880 1200 2955 nescioquo,

107 2991 271 3060 menstruo,
291 3007 387 3064 nuper
406 2989 438 3048 in
454 3007 502 3046 me
517 2989 649 3046 invectus
666 2991 749 3046 esset.
771 2987 809 3046 Et
824 2988 969 3060 laetabar,
989 2989 1079 3047 istum
1095 2989 1203 3048 falsum
1251 3023 1253 3030 ι

106 3100 210 3160 luisse·
224 3117 386 3170 rumorem,
414 3099 494 3175 quod
515 3099 546 3156 ct
564 3098 667 3156 literae
686 3116 753 3155 eum
774 3100 859 3169 tuae,
880 3097 936 3156 nisi
955 3097 1070 3157 disertis
1089 3099 1201 3171 verbis,

106 3213 208 3267 tamen
226 3209 410 3267 humanitate
428 3210 495 3280 tua,
519 3207 649 3266 refutare
669 3207 859 3266 videbantur:
870 3211 911 3288 ¹et
931 3208 1011 3284 quod
1029 3209 1084 3267 sub
1104 3210 1202 3286 ipsum

106 3339 209 3380 carum
227 3319 300 3378 mihi
319 3319 500 3378 redditorum
516 3320 632 3394 tempus
650 3317 726 3377 forte
747 3319 826 3394 apud
844 3337 892 3376 me
912 3321 976 3376 erat
995 3319 1047 3396 qui
1063 3319 1201 3396 Kompori

102 3430 198 3490 nostri
224 3430 341 3490 nomine
366 3429 440 3488 mihi
467 3430 637 3500 affirmaret,
665 3427 835 3487 mendacem
860 3429 947 3487 istam
967 3428 1004 3486 de
1023 3430 1054 3487 te
1071 3429 1201 3512 fabulam

103 3541 184 3600 ferri.
214 3539 321 3618 Itaque
346 3541 481 3617 voluptas
507 3537 728 3598 admirationem
755 3539 842 3609 vicit3
869 3555 962 3614 eoque
985 3538 1040 3597 tibi
1058 3538 1200 3600 libentius

103 3649 246 3726 respondi
278 3649 411 3722 Etenim,
432 3653 468 3709 ut
485 3649 610 3708 istorum
628 3647 811 3721 libellorum,
833 3650 864 3706 et
883 3647 1001 3706 omnino
1021 3648 1120 3725 volgi,
1141 3647 1197 3669 “⁶

103 3762 147 3822 nil
166 3781 299 3834 movear,
327 3762 427 3820 tamen
451 3760 583 3820 acerbius
602 3760 831 3837 adgenerosum
850 3757 982 3817 animum
1002 3758 1152 3830 occidunt,
1173 3759 1197 3817 si

102 3871 220 3948 quaudo
242 3872 278 3931 ab
299 3871 336 3930 iis
358 3869 491 3942 venient,
513 3870 549 3929 de
568 3869 676 3946 quibus
693 3885 753 3927 non
771 3868 847 3926 mole
867 3887 897 3926 se
916 3867 1056 3926 meritum
1075 3869 1169 3943 putet.

143 3980 227 4049 Quod
244 3982 426 4055 conjecturas
442 3979 514 4038 mihi
531 3981 597 4038 tuos
614 3979 645 4036 in
660 3978 786 4037 Musunii
802 3977 942 4036 anecdota
951 3977 1097 4053 impertis,
1119 3979 1197 4037 idem

101 4092 236 4150 certatim
259 4090 394 4150 fecerunt
417 4087 483 4146 alii:
511 4107 578 4146 cum
597 4088 739 4158 Eldicius,
766 4087 798 4146 iu
818 4087 862 4146 his
881 4087 987 4146 Litoris
1006 4088 1196 4164 praecipuus,

101 4203 166 4258 tum
192 4202 251 4259 tres
279 4199 315 4258 de
342 4199 427 4270 meis,
455 4197 506 4273 qui
533 4215 613 4256 nunc
640 4198 725 4269 sunt,
748 4196 915 4273 discipulis,
946 4216 963 4253 a
988 4198 1095 4273 quibus
1114 4200 1197 4272 tues,

103 4329 174 4386 quos
200 4310 319 4384 quidem
347 4309 481 4384 probem,
509 4311 662 4383 occupatas
689 4307 827 4383 cognovi:
855 4309 1002 4368 caeterum
1025 4307 1195 4368 facultatem

320 4419 324 4426 '
1020 4424 1048 4466 ιι
