3064 5210
331 434 372 494 20
525 497 527 504 Α
651 436 874 514 supplementa
893 438 1109 498 Aaaotariora's

369 613 436 674 Non
461 615 504 676 ita
528 615 622 676 multo
641 617 708 692 post
728 634 817 694 quam
835 617 974 696 Lugduni
993 618 1187 689 Batavorum,
1215 615 1295 692 apud
1314 613 1447 676 Lucht-

329 725 470 799 mausios,
491 746 516 784 a.
537 724 633 799 1823,
653 726 686 784 in
699 726 795 786 lucem
814 727 962 804 prodierat
982 727 1074 786 altera
1090 727 1305 803 opusculorum
1321 725 1447 784 Ruhn-

327 833 522 896 lrenianorum
542 835 646 908 editis,
668 837 723 924 sub
740 835 829 894 finem
848 811 974 912 proximi
992 837 1062 896 anni
1081 837 1280 914 pervenerunt
1300 835 1338 894 ad
1357 835 1446 894 Edi-

326 944 405 1004 tores
429 945 531 1004 literae
552 945 706 1019 Oohsneri,
730 943 902 1006 Professoris
921 947 1099 1022 Turicensis,
1121 947 1228 1024 quibus
1246 946 1279 1005 in
1298 946 1443 1025 gratiam

327 1053 446 1114 futurae
472 1055 670 1135 Epistularum
709 1055 877 1115 Rubnkonii
897 1057 1033 1116 editionis
1052 1057 1122 1134 ipsis
1144 1057 1344 1117 offerebantur
1373 1057 1445 1116 ali-

270 1242 272 1247 ,
326 1167 400 1242 quot
425 1165 605 1225 ineditarum
628 1166 765 1226 subsidia.
792 1166 847 1226 Sed
861 1168 949 1242 juvat
966 1167 1058 1242 ipsius
1075 1166 1214 1227 Ochsneri
1231 1165 1347 1241 literas,
1369 1165 1444 1226 hu-

327 1277 476 1336 manitatis
497 1275 632 1364 otofficii
648 1275 762 1352 plenas,
784 1277 842 1336 huc
861 1277 985 1336 referre:
1106 1342 1108 1345 ¹

476 1495 651 1558 illustribus
671 1497 856 1556 Academiae
883 1496 1041 1589 Leidcasis
1065 1494 1275 1574 Typoqrcphis
1348 1513 1352 1518 ·

640 1654 724 1712 sau.
744 1669 780 1712 ar
802 1637 856 1712 so.
877 1616 1104 1712 occasurus
1147 1623 1148 1628 '

652 1793 705 1854 JO.
727 1794 803 1855 Jnc.
826 1793 1042 1853 ocflsuuuus
1060 1794 1088 1851 S.

338 1932 450 1994 ΙΗειιιᾰ
475 1909 626 2012 ingratum
652 1933 741 1994 Vobis
765 1934 867 1994 videor
886 1953 946 1992 esse
962 1933 1109 2005 facturus,
1131 1931 1184 2009 qui
1205 1933 1328 2008 praeter,
1348 1931 1437 2009 Opu-

322 2045 417 2117 soula,
449 2045 582 2121 undique
611 2045 790 2120 comparatas
817 2043 893 2103 Dav.
916 2042 1098 2102 Rubralaeaia'
1117 2042 1260 2118 Epistulas
1280 2042 1434 2120 singulari

322 2153 472 2242 volumine
493 2155 619 2212 edendas
636 2153 817 2229 suscepistis,
838 2154 879 2227 si,
901 2154 973 2231 quid
992 2153 1047 2231 ipsi
1066 2153 1142 2211 hanc
1161 2152 1193 2210 in
1212 2169 1275 2210 rom
1292 2152 1435 2213 conferre

322 2263 395 2322 mihi
414 2262 518 2336 liceat,
544 2263 675 2322 breviter
693 2264 782 2322 Vobis
804 2281 970 2340 exposuero.
1012 2262 1175 2322 Habuimus
1194 2280 1246 2321 uos
1265 2280 1364 2338 nuper
1385 2263 1430 2322 ci-

300 2369 389 2434 'vem
409 2372 558 2431 doctrinae
579 2372 724 2450 elegantia
744 2373 857 2454 alarum
875 2373 919 2432 Jo.
941 2371 1005 2432 Joc.
1026 2361 1260 2448 Ilottiaqercm,
1282 2373 1425 2446 eundem,

322 2484 407 2560 cujus
422 2482 481 2541 Vos
497 2484 566 2541 anto
582 2483 634 2542 hos
650 2483 866 2561 quinquaginta
883 2501 973 2542 annos
987 2483 1130 2544 libellum·
1139 2481 1177 2541 de
1190 2480 1430 2542 Noraaaliorum

321 2593 357 2652 irs
377 2592 591 2670 oppapaaada
611 2592 768 2670 Religioae
788 2594 913 2670 ineptiis
929 2594 961 2652 iu
978 2594 1074 2653 lucam
1091 2593 1234 2653 omisistis.
1262 2593 1340 2652 Huic
1357 2595 1429 2652 turn

320 2702 354 2762 in
372 2701 551 2762 nobilissima
570 2703 645 2762 urbe
665 2677 763 2766 vestra
782 2703 912 2765 versanti
932 2703 1057 2781 contigit
1075 2701 1244 2779 principum
1267 2701 1299 2760 in
1315 2701 1431 2762 littaris

320 2813 454 2876 virorum
473 2812 656 2872 Rubrakcrac'c‘
676 2816 765 2890 atqua
791 2812 984 2872 Valckenarii
1001 2814 1182 2886 consuetudo
1198 2833 1231 2873 ac
1248 2812 1429 2886 liberalitem

321 2941 448 3000 quorum
472 2923 523 2981 ille
549 2923 751 3001 gratissimam.
770 2923 826 2983 sibi
855 2925 1026 2984 memoriam
1047 2927 1078 2984 et
1097 2923 1236 3000 privatim
1256 2924 1287 2982 et
1306 2923 1428 2999 publice

203 3089 205 3094 .
319 3034 458 3106 testatus,
485 3034 627 3093 nonnulla
652 3033 782 3094 vicissim
808 3053 861 3111 per
887 3035 1000 3112 aliquot
1026 3048 1118 3094 anuos
1145 3032 1193 3093 val
1217 3031 1361 3091 librorum
1389 3033 1429 3092 ab

319 3142 357 3202 iis
375 3144 423 3203 'rel
445 3144 634 3220 epistolarum
653 3144 782 3220 praemia
800 3145 918 3221 recepit.
961 3145 1144 3223 Quamquam
1165 3143 1259 3218 major
1280 3141 1425 3218 quaedam

319 3251 501 3312 familiaritas
527 3253 583 3329 ipsi
614 3272 682 3312 curn
713 3254 941 3332 Wyttcabachc'o
969 3252 1185 3330 Scholteraoque
1217 3252 1292 3326 fuit,
1322 3254 1426 3314 tamen

319 3362 473 3438 postlata
498 3363 619 3440 reliquit
644 3383 735 3423 unam
761 3363 962 3430 Valckenaerii
988 3363 1200 3437 brevissimam,
1227 3363 1299 3424 duas
1319 3362 1424 3423 Ruhn-

319 3471 400 3531 kenii
435 3471 571 3547 epistolas
604 3473 764 3550 longiores,
802 3493 929 3550 quarum
958 3472 1046 3532 Vobis
1076 3474 1207 3549 exempla
1236 3473 1425 3550 potentibus,

320 3582 497 3660 quandoque
523 3601 595 3659 opus
622 3583 729 3657 fuerit,
756 3583 834 3642 tradi
859 3603 877 3640 a
905 3603 952 3641 me
971 3585 1119 3659 potarunt.
1154 3584 1231 3642 Nam
1250 3582 1368 3660 cognito
1390 3603 1427 3644 ex

320 3693 478 3772 Bergmani
504 3693 687 3768 Praefatione
714 3696 745 3752 ot
769 3693 910 3752 addendis
935 3694 971 3751 do
995 3693 1132 3769 Epistolis
1153 3692 1321 3751 Ruhnkenii
1341 3692 1428 3752 oolli-

320 3804 423 3881 gendis
449 3803 568 3862 oonsilio
594 3804 706 3875 vestro,
737 3802 813 3862 nihil
842 3822 894 3880 ego
921 3805 1076 3862 cunctatus
1103 3803 1174 3880 petii
1198 3803 1235 3860 ab
1254 3801 1428 3880 Hottingeri

320 3913 476 3972 heredibus
502 3914 533 3971 et
558 3931 611 3988 pro
638 3913 769 3989 ipsorum
795 3912 827 3971 in
856 3931 903 3971 ma
930 3913 1083 3973 voluntate
1101 3911 1258 3988 impetravi
1279 3910 1428 3987 quidquid

321 4024 473 4098 superorat
488 4023 673 4094 litterarum
693 4022 726 4081 in
741 4022 786 4081 his
803 4021 1026 4098 Wytteabuobii
1041 4022 1220 4098 complures,
1242 4019 1429 4084 Bosetana·

318 4119 388 4191 'illas
414 4149 486 4208 quas
506 4132 647 4205 diximus,
672 4151 763 4190 unam
782 4131 914 4192 versibus
933 4133 994 4192 fere
1014 4132 1138 4210 triginta
1156 4165 1196 4176 -
1217 4131 1361 4208 siquidem
1379 4133 1427 4209 ip·

321 4242 383 4302 sius
408 4241 575 4302 Ruhnkenii
601 4261 724 4302 manum
747 4259 904 4318 sequamur
928 4277 968 4286 -κ
994 4243 1092 4302 datam
1117 4241 1157 4302 26
1177 4241 1254 4320 Aug.
1282 4239 1361 4301 1778
1386 4243 1428 4304 de

325 4351 486 4426 Sallustio,
507 4353 629 4411 alteram
649 4351 869 4427 locupletiorem
884 4353 920 4412 de
944 4352 1064 4431 Vellejo,
1085 4353 1223 4430 scriptam
1238 4353 1266 4415 d.
1281 4350 1320 4411 10
1337 4351 1426 4414 Junii
