3064 5210
364 408 405 468 sa
610 423 613 428 ·
685 408 907 485 snppumcutc
928 408 1145 469 666666

371 603 490 660 ousae,
512 589 548 646 ut
570 586 603 646 in
622 586 670 645 ed.
688 605 732 662 pr.
753 585 913 662 exemplari
932 603 985 646 sno
1006 587 1131 646 correxit
1146 589 1209 664 ipse
1224 588 1464 666 wyttenbachius.
1484 598 1485 682 1

412 700 445 758 Ρ.
466 695 517 758 87.
539 694 766 756 6666166166.
784 695 864 754 subit
886 694 998 755 Ritteri
1016 699 1068 756 sui
1086 697 1241 773 copitotio:
1263 696 1338 778 cci]
1369 698 1410 756 De
1427 697 1465 755 buc
1484 699 1485 722 ³

371 807 492 880 Ritteri,
520 807 648 866 oblatam
674 806 731 866 sibi
749 805 919 872 Ruhnkcnii
938 807 1189 866 commendatione
1208 808 1387 867 cathedram
1404 809 1465 884 Lug-

371 918 608 978 duno-Betauam
627 916 757 993 primum
777 915 945 992 accipientis
965 916 1068 974 deinde
1084 917 1287 993 repudiantis,
1309 936 1465 994 6661666-

370 1029 449 1102 silio,
470 1029 587 1104 praeter
608 1026 740 1085 laudatas
760 1026 792 1084 in
811 1026 920 1085 Annot.
942 1046 970 1101 p.
989 1024 1049 1084 428
1068 1045 1112 1103 sq.
1132 1026 1309 1086 Ruhnkenii
1330 1028 1369 1086 ad
1388 1027 1465 1102 ipsun

370 1138 531 1215 Epistulas,
553 1137 672 1197 omnino
692 1137 830 1214 legantur
849 1155 915 1209 eae,
937 1155 1025 1213 quas,
1045 1137 1183 1213 subjectis
1198 1137 1331 1198 Joennis
1348 1157 1406 1199 van
1424 1137 1466 1196 ito·

368 1268 443 1326 666,
464 1221 641 1308 1661166166
663 1248 800 1320 66166111,
823 1249 853 1306 61
873 1247 930 1306 1166
949 1247 1074 1320 BordeS,
1094 1246 1249 1324 Legationi
1260 1248 1397 1310 Batavae
1413 1265 1465 1306 ase·

369 1359 471 1432 oretis,
499 1358 537 1418 ad
564 1358 713 1417 Rittorum
732 1356 837 1430 literis,
864 1357 992 1416 detnsa.
1013 1355 1090 1416 1761
1113 1359 1224 1434 etseq.
1246 1357 1349 1418 edidit
1365 1357 1464 1416 111616-
1485 1407 1486 1430 ,

370 1469 513 1541 mannus,
541 1467 605 1527 Vol.
633 1467 675 1526 II.
696 1465 921 1543 61589-611,
946 1470 977 1526 61
997 1485 1069 1543 quas
1088 1467 1173 1542 inde,
1194 1468 1366 1544 suppressis
1385 1471 1465 1526 tanen

370 1578 483 1656 Royeni
504 1579 535 1636 61
555 1576 686 1636 Bordesii
707 1577 813 1649 literis,
833 1577 913 1636 inter
931 1577 1004 1653 Epp.
1025 1577 1063 1636 ed
1082 1577 1148 1639 Div.
1169 1599 1198 1654 p.
1215 1577 1345 1638 47-73
1361 1577 1463 1654 protulit

375 1689 519 1748 Mahnius.
540 1687 627 1747 Anno
643 1687 793 1763 superiore
807 1685 889 1748 1760
908 1687 1057 1748 Ritterum
1073 1689 1110 1747 ad
1126 1688 1306 1748 Oethedram
1320 1689 1465 1748 menone

369 1799 509 1875 jectinam
529 1798 784 1858 commendaverat
804 1797 1007 1875 Wcsselingio,
1028 1799 1099 1858 ibid.
1120 1819 1149 1874 p.
1166 1797 1235 1859 127.
1483 1713 1486 1848 1

410 1909 443 1970 P.
464 1907 513 1968 97.
542 1908 629 1970 Ursus
645 1906 861 1986 Wcsseiiupius
874 1908 1065 1968 -tradcbot
1074 1909 1247 1968 Historiam
1266 1907 1461 1971 Universalem

370 2020 598 2080 —rucrrcoritcr
618 2019 725 2085 orauio
738 2018 905 2092 uacabat,
926 2019 1057 2078 subinde
1074 2037 1132 2096 per
1151 2019 1356 2080 auditorium
1374 2016 1461 2078 6616-

371 2132 455 2203 caes,
482 2128 551 2210 ceu]
587 2130 655 2189 nuc
674 2130 805 2205 perans
822 2130 910 2190 nen.
931 2129 1114 2208 ryuumnm
1133 2131 1298 2192 6666666
1319 2125 1459 2204 6166
1486 2105 1487 2166 1

371 2241 406 2300 D.
428 2240 580 2318 Wyttenb.
613 2259 639 2298 a.
660 2237 753 2313 1800,
775 2240 855 2298 edita
874 2240 907 2298 in
926 2240 1037 2300 Muhnii
1057 2241 1205 2318 Supplem.
1225 2241 1305 2318 Epp.
1325 2241 1363 2300 D.
1380 2237 1459 2298 Ruhn-

371 2351 452 2412 kenii
472 2353 503 2410 et
524 2350 559 2409 D.
580 2350 800 2428 Wyttenbeehfi
820 2348 918 2428 [1817)
938 2370 967 2426 p.
987 2349 1028 2410 59
1046 2370 1088 2427 sq.
1111 2351 1213 2420 »Quod
1233 2353 1269 2410 de
1289 2345 1458 2423 Wesscbngic

371 2479 484 2533 narras,
510 2479 665 2537 perperam
692 2459 748 2518 tibi
774 2459 867 2518 relata
886 2477 948 2520 esse
970 2477 1031 2518 non
1050 2460 1163 2522 dubito.
1192 2461 1260 2537 Ipse
1283 2463 1352 2537 ejus
1370 2455 1458 2518 scholas

370 2571 630 2649 frequentavi'pcr
648 2569 903 2647 quinquennium:
925 2597 962 2610 -
974 2586 1186 2647 -numquam
1205 2589 1276 2631 vero
1298 2565 1458 2648 peraudito-

370 2684 450 2744 rium
470 2681 672 2740 ambulantem
688 2669 769 2752 uidi,
788 2679 855 2738 -nisi
874 2679 991 2758 quando
1009 2680 1147 2751 dictaret,
1171 2681 1250 2757 qnod
1266 2681 1396 2742 faciebat
1410 2679 1457 2734 tuu-

370 2798 437 2854 tum
457 2793 489 2852 in
509 2792 613 2852 scholis
634 2791 670 2851 de
688 2789 924 2866 Antiquitatibus
940 2791 988 2851 vel
1004 2791 1136 2869 Linguae
1153 2791 1293 2864 Graecae,
1316 2801 1457 2864 numquim
1487 2787 1488 2792 ’

369 2906 401 2963 16
421 2902 592 2975 Histonium,
613 2903 700 2968 iisve,
715 2895 794 2977 'quas
815 2901 852 2959 de
871 2901 946 2961 Jure
964 2902 1109 2974 Naturae,
1130 2901 1281 2963 Notitieve
1299 2903 1409 2962 Rerum
1422 2911 1456 2970 pu·

368 3014 512 3072 blioarum
539 3012 685 3071 babebat:
712 3010 892 3088 meminique
918 3012 1085 3086 exemplum
1109 3011 1265 3072 Tursellini
1285 3013 1334 3072 illi
1354 3006 1457 3070 adfuisti

369 3125 469 3182 charta
490 3122 676 3195 distinctum,
704 3121 798 3198 quod,
820 3121 853 3180 ni
872 3121 973 3194 fallor,
995 3122 1074 3198 apud
1094 3121 1167 3181 Olar.
1188 3118 1375 3193 Bonnetnm‚
1395 3116 1457 3176 776

368 3232 484 3310 selingii
503 3250 662 3309 generum,
684 3230 811 3308 Trajecti
831 3231 868 3289 ad
888 3231 1024 3290 Rhenum
1040 3233 1181 3307 superest.
1222 3231 1336 3291 Eadem
1355 3229 1408 3289 tibi
1423 3241 1456 3280 rc

368 3343 459 3416 feret,
479 3341 560 3401 haud
580 3340 699 3415 dubito,
721 3341 762 3400 ol.
785 3341 934 3413 Waterus,
954 3359 1037 3400 mous
1057 3341 1127 3400 olim
1147 3340 1338 3402 commilit0.''

285 3513 288 3518 ,
409 3453 452 3511 116
470 3446 654 3528 Wesselingii
673 3451 779 3512 scholis
787 3451 932 3510 historicis
942 3451 978 3510 cf.
990 3454 1141 3527 praeterea
1150 3452 1217 3511 Jod.
1228 3453 1376 3530 Heringa‚
1397 3439 1454 3506 811

370 3563 419 3622 Or.
441 3564 478 3623 de
498 3562 652 3622 Auditorio
673 3561 913 3637 Rheno-Trajcct.
935 3559 1030 3636 1825,
1050 3582 1079 3638 p.
1100 3561 1169 3622 195.

409 3676 441 3734 P.
462 3671 611 3733 98-107.
635 3671 786 3730 Nondum
805 3672 841 3730 irc
859 3671 980 3748 publico
998 3672 1127 3732 docendi
1143 3691 1274 3733 munere
1291 3667 1455 3734 consiiiarius

369 3821 409 3830 -
425 3785 468 3843 uo
484 3803 515 3843 66
532 3784 638 3861 ipsum
655 3799 806 3859 quemque
824 3781 1081 3857 requiescendum,
1103 3788 1281 3860 rectumque
1297 3781 1454 3842 studiorum

370 3897 454 3953 61661
474 3892 727 3970 inprcdicudorn,
749 3890 919 3972 convertit]
949 3892 1056 3951 Totum
1082 3893 1160 3950 hunc
1191 3894 1302 3966 locum,
1330 3877 1456 3966 cingulas

278 4033 285 4039 ·
370 4004 531 4063 festivitate
550 4005 710 4081 insignem,
731 4001 1088 4077 praetermisitRinkius,
1109 4025 1137 4079 p.
1159 4003 1227 4063 161.

411 4116 443 4173 P.
464 4113 523 4173 109
543 4133 585 4190 aq.
621 4113 722 4189 ipitur
743 4097 921 4187 fructuosae
940 4119 1030 4169 eruut
1051 4114 1247 4172 1666616166
1268 4131 1340 4172 cum
1360 4107 1401 4167 oct
1420 4103 1456 4160 tn·

370 4224 569 4300 icilipcrutiom
586 4223 685 4298 ipsius
703 4221 857 4294 Auctoris,
879 4227 947 4278 turn
964 4222 1107 4280 universe
1124 4224 1165 4281 od
1184 4241 1291 4282 rerum
1300 4217 1453 4280 66166166.

371 4333 440 4413 cet]
471 4335 512 4391 De
532 4331 700 4394 Ruhnkenii
719 4332 822 4392 scholis
843 4333 919 4402 sivo,
947 4351 1023 4406 quae
1044 4333 1100 4390 dici
1121 4335 1227 4399 solent,
1250 4332 1370 4393 Dictatis
1391 4315 1452 4384 butu!
