3064 5210
456 419 497 478 ool
525 419 625 480 Vitam
647 417 836 478 Beneuenti.
1157 415 1196 476 ol

65 602 148 660 fieri
184 602 285 678 posset
314 600 428 659 ratione
455 598 618 676 exoogItere
642 615 704 656 non
730 596 824 672 potui.
849 594 974 654 Maxime
1000 612 1070 672 ergo
1089 594 1198 668 leetor,

67 730 128 770 me
162 710 260 769 talem
280 727 360 769 nune
380 709 417 767 ed
438 708 478 766 Te
496 707 641 768 invenisse
660 707 751 775 viem,
780 723 840 782 que
860 705 897 763 ed
918 705 957 762 Te
977 704 1127 764 accessisse
1145 723 1199 781 po·

68 821 161 893 tius,
195 839 286 898 quem
312 819 452 895 irrupisse
472 818 596 879 viderer.
629 815 723 886 Quid?
743 814 822 893 quod
842 815 935 893 megin
954 815 1043 874 etiem
1063 833 1110 874 me
1130 833 1198 879 oen-

71 932 192 990 firmet
221 932 253 988 et
279 928 382 1005 mojori
401 945 453 1004 epe
467 927 692 987 'benevolentiae
712 926 791 985 Tuee
811 945 858 985 me
879 927 916 984 ed
937 926 977 984 Te
998 925 1078 1014 edire
1094 926 1197 1000 jubet,

72 1043 189 1118 ipsum
216 1040 378 1100 Homerum
403 1039 440 1096 ecl
468 1037 508 1096 Te
535 1039 640 1098 neotus
664 1039 736 1096 sum
750 1036 1013 1096 commendatorem
1034 1038 1064 1094 et
1084 1036 1197 1094 duoem.

75 1151 160 1226 Ejus
191 1150 272 1209 enim
297 1167 393 1224 nuper
419 1147 467 1208 hie
493 1165 559 1206 sum
588 1149 693 1208 noetus
722 1147 851 1206 oodieem
871 1146 1120 1223 manuscriptum,
1145 1145 1198 1222 qui

76 1279 146 1320 uon
164 1259 265 1319 solum
281 1271 381 1318 ornnes
398 1257 463 1317 illos
478 1257 622 1334 Hymnoe,
645 1256 744 1334 quiin
758 1256 886 1316 editione
900 1255 1198 1332 LipsiensiErnestii,

78 1369 293 1448 Praeceptoris
313 1369 460 1446 quondam
477 1369 551 1442 mei,
573 1387 673 1444 apag.
695 1367 715 1425 3
730 1367 768 1425 ed
785 1343 999 1444 93leguntur3
1020 1367 1071 1426 sed
1087 1368 1117 1425 et
1133 1366 1198 1444 inoff

79 1480 192 1539 ditum
217 1479 418 1556 fragmentum
442 1477 554 1554 Hymni
580 1474 613 1536 in
640 1477 787 1537 Beoohum
814 1478 845 1536 et
868 1476 954 1534 illum
981 1475 1056 1534 bene
1075 1476 1198 1554 longum

81 1591 249 1666 Hymnum
268 1588 300 1647 in
320 1589 468 1660 Cererem,
495 1587 580 1664 eujus
606 1585 806 1665 fragmentum
826 1605 861 1645 ex
879 1586 1025 1647 Pausania
1043 1586 1076 1645 in
1095 1586 1198 1646 eedem

81 1699 221 1758 editione
240 1699 400 1776 repetitum
419 1700 464 1758 est
479 1717 545 1775 pag.
566 1696 641 1770 131,
662 1697 875 1773 compleotitur.
901 1695 971 1754 lem
988 1715 1056 1756 omn
1065 1715 1102 1758 ex
1111 1712 1199 1772 pree·

82 1810 204 1868 latione
230 1809 359 1868 Ernesti}
387 1809 609 1880 intellexissem,
637 1809 667 1866 et
693 1807 774 1868 raros
802 1825 862 1866 esse
886 1806 992 1866 honrm
1010 1806 1198 1884 Hymnorum

85 1921 206 1984 oodioes
233 1919 462 1995 menneoriptos,
488 1919 521 1976 et
544 1917 598 1989 Te,
624 1917 677 1976 Vir
696 1916 883 1989 Doctissime,
903 1916 936 1975 in
954 1915 1197 1980 iisemendendis

88 2031 224 2106 reliquos
248 2029 451 2088 enteoelluisse
475 2047 587 2096 omnes,
616 2028 756 2088 continuo
776 2027 813 2088 ed
834 2028 874 2087 Te
893 2027 1079 2088 scribendum
1098 2028 1198 2105 Teque

89 2140 339 2218 interrogandum
364 2139 482 2215 putavi,
509 2157 607 2198 ennon
632 2139 760 2215 placeret
779 2138 867 2210 ¹Tibi,
895 2138 920 2198 si
946 2138 1032 2198 illum
1051 2139 1198 2200 ineditum

91 2250 249 2326 Hymnum
269 2268 338 2309 eum
357 2249 522 2328 fragmento
542 2249 593 2308 illo
613 2249 723 2308 inedito
744 2250 774 2306 et
792 2248 880 2308 variis
898 2249 1072 2309 lectionibus
1093 2250 1131 2310 ed
1150 2269 1197 2310 re-
1240 2279 1245 2285 ·

90 2341 190 2436 liquos
218 2359 349 2436 Hymnos
375 2379 393 2418 e
418 2379 465 2418 me
490 2359 661 2435 accepisses,
688 2359 799 2417 iterum
825 2378 947 2418 menum
970 2359 1029 2418 illis
1049 2359 1197 2436 opusculis

90 2468 248 2529 admovere
268 2487 361 2544 oeque
380 2451 768 2532 Tuis,nnimadtersionibus
789 2468 938 2528 illustrate
955 2469 1050 2527 edere.
1063 2469 1110 2528 'Ut
1126 2489 1197 2549 ergo

93 2579 156 2654 ipse
181 2576 292 2638 eoem
318 2578 480 2638 meeum
506 2579 659 2638 aestimare
684 2597 797 2655 posses,
827 2578 895 2638 misi
921 2579 958 2638 ae
978 2580 1019 2638 ro
1038 2581 1134 2641 varus
1153 2581 1196 2640 10-
1217 2559 1219 2562 ’

95 2688 205 2748 otiones
224 2687 263 2746 ed
282 2687 434 2765 Hymnum
453 2687 485 2747 in
505 2689 684 2764 Apollinem,
705 2708 742 2748 ex
761 2687 880 2749 ineditis
901 2691 1003 2748 eutem
1019 2690 1112 2767 edJ‘eoi
1126 2693 1200 2752 ten-

94 2801 173 2871 tum,
194 2800 340 2874 quantum
360 2799 431 2857 haee
450 2795 551 2857 oberte
568 2801 685 2875 poterat
704 2817 815 2876 cepere.
847 2799 942 2859 Codex
960 2801 1010 2860 ille
1031 2805 1076 2861 eet
1093 2819 1196 2862 reeen-

96 2909 154 2968 tior
181 2908 316 2994 quidem,
346 2908 523 2987 videturque
552 2909 641 2982 milri,
680 2911 848 2986 conjecture
877 2911 967 3002 (lueto
996 2930 1032 2970 ex
1060 2912 1196 2988 pluribus

98 3018 265 3091 huiusmodi
284 3018 449 3091 codicibus,
480 3019 639 3097 inquibus
659 3021 785 3094 ennum,
817 3039 875 3098 quo
892 3021 994 3098 scripti
1010 3024 1122 3103 essent,
1141 3039 1201 3082 no·-

101 3129 193 3185 tetum
213 3127 324 3204 reperi,
346 3128 467 3188 ineunte
486 3147 541 3190 seo.
562 3130 614 3190 XV
634 3130 775 3205 scriptus,
796 3150 813 3190 e
833 3132 927 3191 seribe
946 3134 1046 3192 temen
1062 3132 1132 3192 setis
1150 3132 1197 3192 di-

101 3237 213 3315 ligente.
243 3237 273 3296 si
290 3257 359 3314 ergo
376 3238 440 3298 Tibi
456 3240 552 3299 visum
569 3239 675 3312 fuerit,
696 3239 750 3298 hoe
765 3240 798 3298 in
815 3241 854 3298 Te
871 3240 1018 3318 suscipere
1027 3242 1195 3318 negotium,

101 3351 130 3407 et
147 3349 233 3424 hujus
253 3350 315 3407 tem
334 3349 449 3427 antiqui
469 3337 774 3427 scriptorisreliquies
789 3350 821 3408 in
837 3369 932 3410 unum
948 3351 1082 3411 oolleotne
1098 3353 1195 3412 denuo

101 3458 258 3534 publioere,
283 3459 371 3519 lenies
391 3479 454 3533 me,
485 3479 609 3537 quaeso,
636 3480 671 3520 es
690 3461 726 3520 de
746 3480 778 3520 re
798 3462 961 3521 certiorem.
992 3462 1195 3538 Simulatque

103 3569 175 3626 onim
193 3569 224 3626 id
244 3587 280 3628 ex
300 3569 340 3628 To
358 3570 545 3645 intellexero,
566 3570 681 3648 relique
697 3572 794 3630 omnio
809 3571 892 3631 brevi
907 3573 1024 3648 posted
1041 3573 1080 3630 Te
1097 3575 1194 3630 trene-

104 3679 219 3736 mittsm.
251 3679 303 3738 Sin
322 3681 479 3758 indignum
499 3681 562 3740 Tua
582 3681 714 3740 doctrine
734 3681 855 3758 Tuoque
874 3682 994 3759 ingenio
1014 3673 1194 3742 hune'lebo-

107 3806 162 3846 rem
181 3789 370 3864 judioeven's,
399 3794 452 3849 eut
477 3791 662 3868 gravioribus
684 3791 809 3868 negotiis
825 3792 889 3866 jem
909 3793 1068 3868 oooupetus
1087 3791 1193 3865 inerte,

107 3916 194 3956 meum
217 3899 282 3959 Tibi
306 3901 483 3961 inserviendi
511 3901 634 3978 Tibique
660 3901 793 3978 pleoendi
818 3901 951 3960 studium
980 3900 1028 3962 vel
1053 3902 1194 3962 benevole
1227 3957 1231 3964 .

106 4027 228 4086 agnosce,
255 4011 305 4071 vel
328 4010 498 4070 humaniter
524 4029 636 4071 excuse.
667 4011 754 4084 Vele,
780 4011 832 4070 Vir
851 4011 1041 4085 Dootiesime,
1061 4013 1193 4090 mihique

106 4119 170 4180 leve.
197 4120 304 4197 Scripsi
322 4121 460 4197 Moequee
480 4121 512 4180 in
531 4121 651 4180 aedibus
671 4120 874 4181 Universitetis
894 4120 922 4179 d.
945 4121 1004 4200 ¹⁴72,
1022 4121 1083 4181 Oet.
1101 4119 1191 4180 1777.

141 4231 168 4289 P.
185 4227 252 4290 173.
280 4230 427 4308 Vellejom
443 4230 512 4310 jam
532 4236 605 4289 onte
626 4231 873 4308 quadriennium
893 4231 982 4290 edere
998 4232 1191 4315 instituerat,

109 4339 165 4420 oet]
191 4341 233 4398 De
253 4341 421 4400 Ruhnkenii
443 4341 553 4416 Vellejo
572 4343 739 4414 Paternum,
761 4362 786 4401 e.
808 4340 887 4400 1779
904 4342 994 4414 edito,
1016 4343 1143 4400 diximus
1159 4343 1191 4400 in
1235 4367 1237 4373 ·
