3074 5202
341 397 382 458 64
662 395 883 473 snpplemnoa
903 395 1119 456 dissolutionis

342 574 398 636 ties
424 592 495 636 mus
521 575 565 634 est
585 573 839 651 Wyttenboobius3
860 575 896 634 de
917 594 976 651 que
995 574 1054 636 vid.
1075 574 1168 636 Beier.
1189 575 1231 634 ad·
1248 574 1306 636 Cio.
1329 576 1369 638 de
1390 577 1451 636 Off.

341 685 375 762 Ι,
395 683 429 759 7,
450 684 499 745 20.
520 681 610 764 plo.
650 685 772 746 Notavit
794 685 923 746 Frotsoh.
944 684 996 762 qui
1017 685 1099 744 dedit
1118 683 1364 762 beneficentiam.

381 796 415 854 P.
436 793 504 870 262.
539 793 719 856 Adolescens
752 793 951 870 Witleberpoe
980 798 1100 852 mutos
1130 799 1195 853 erut
1225 795 1454 874 Philosophiae

344 904 454 966 Ductor
480 910 509 964 ei
538 905 730 966 Liberaliora
748 904 874 964 Artium
897 904 1057 980 Mopister:
1078 939 1118 950 -
1140 905 1190 964 Fr.
1213 904 1344 986 Godofr.
1368 908 1453 983 Auq.

344 1015 527 1090 Mensam,
548 1015 579 1075 V.
600 1014 658 1096 Gt]
678 1016 792 1074 Literae
810 1035 827 1074 a
845 1015 1067 1092 Wyttenbeobio
1085 1015 1279 1092 significatae,
1298 1016 1335 1074 in
1355 1016 1454 1075 (tolle-

343 1124 439 1184 otione
449 1124 617 1197 Luzaoiena
628 1103 1453 1202 6116611111Ρ1631611111161166116Β16161116116π6ᾶ6111161,

265 1221 275 1262 3
342 1235 437 1295 forma
447 1233 574 1294 maxima
584 1234 616 1292 in
625 1234 712 1309 plano
721 1234 800 1310 typis
809 1234 927 1307 exarati,
940 1235 1071 1310 exemplo
1081 1236 1219 1308 servatae,
1231 1235 1273 1294 sio
1283 1255 1315 1295 se
1327 1237 1455 1295 hebeni:

489 1342 558 1402 Viro
576 1319 836 1402 Enoellentissirno
857 1361 894 1402 uo
911 1361 1104 1420 summopere
1124 1343 1300 1405 emerando

706 1452 827 1512 DAVID
847 1451 1075 1512 RUHNKENIO

344 1562 456 1623 nato.
474 1568 566 1640 etque
581 1561 742 1640 anquene.
759 1561 794 1619 aa
810 1560 896 1620 areo.
912 1547 1117 1638 1696666611
1125 1563 1300 1622 nemeen
1310 1563 1352 1624 P.
1368 1563 1407 1624 P.
1424 1565 1451 1624 o.

623 1707 624 1713 κ
830 1687 855 1731 s.
876 1688 904 1732 r.
924 1689 953 1732 u.
1244 1672 1247 1679 '

440 1795 444 1802 '
546 1781 792 1864 (roboramus
812 1783 1004 1842 AUGUSTUS
1024 1783 1229 1844 Muranum

577 1893 700 1955 Poeseos
711 1897 747 1954 in
756 1894 851 1954 Aoool.
869 1893 1069 1972 Viteberpensi
1080 1895 1114 1955 P.
1127 1895 1161 1956 P.
1176 1894 1208 1954 Ο.
1330 1949 1332 1952 .

617 2003 803 2082 ordinisque
813 2004 968 2066 Phileab.
979 2009 999 2064 t.
1013 2005 1164 2064 Uorenus.

380 2113 445 2172 Diei
472 2132 531 2172 non
557 2117 667 2190 potest,
696 2117 808 2190 quanta
834 2114 969 2192 perfusus
989 2114 1046 2172 sim
1064 2115 1194 2186 laetitia,
1223 2133 1292 2174 oum
1314 2119 1450 2178 versanti

342 2222 416 2280 mihi
436 2241 531 2300 nuper
549 2223 724 2282 Academiae
744 2226 858 2283 nostrae
879 2226 1098 2301 ao'praesertim
1115 2225 1230 2284 Ordinis
1245 2225 1450 2304 Philosophia

343 2334 534 2390 monumenta
560 2351 577 2389 a
603 2331 723 2391 dimidio
743 2333 811 2391 inde
831 2334 944 2392 saaoulo
965 2335 1099 2408 oolleota,
1124 2335 1266 2394 inuideret
1286 2336 1324 2395 in
1351 2339 1451 2398 oeulos

343 2459 450 2500 nomeu
471 2431 582 2515 Tuum,
601 2441 654 2501 Vir
672 2461 786 2500 summa
803 2443 986 2503 observantia
1002 2446 1134 2526 colende,
1156 2445 1375 2522 clarissimum,
1396 2468 1451 2507 non
1514 2517 1515 2532 χ

343 2549 429 2610 modo
448 2551 527 2608 inter
546 2570 608 2623 eos,
638 2551 690 2627 qui
711 2552 764 2610 bao
785 2552 902 2612 eivitate
920 2559 1019 2614 nostra
1039 2556 1195 2632 aliquando
1215 2556 1262 2615 usi
1282 2559 1380 2631 sunt,
1403 2579 1451 2618 ve·

340 2679 411 2720 rum
431 2661 519 2720 etiem
539 2663 571 2720 in
591 2663 692 2721 Indioe
709 2663 869 2722 Doctorum
888 2663 1087 2740 Philosophiae
1104 2683 1137 2724 ao
1151 2665 1369 2743 Magistrorum
1387 2667 1450 2726 An.

347 2771 402 2830 Lu.
430 2776 498 2832 ante
529 2774 580 2832 hos
611 2773 826 2850 quinquaginta
855 2793 960 2847 annos,
995 2794 1071 2834 anno
1101 2775 1242 2834 nimirum
1261 2785 1451 2840 crelocdxmn
1515 2760 1516 2763 ¹

347 2884 520 2941 creatorum.
552 2883 613 2941 Neo
633 2902 738 2958 parum
762 2883 922 2960 voluptatis
944 2883 1076 2956 sesessit,
1103 2887 1257 2962 postquam
1276 2887 1392 2947 certior
1410 2889 1451 2946 fa-

347 2995 412 3051 etus
428 3012 509 3065 sum,
531 2994 570 3052 Te
591 2993 692 3052 eodem
710 2996 841 3070 tompore
861 2993 1058 3071 disputatione
1079 2994 1114 3052 de
1135 2993 1217 3053 Galla
1235 2995 1372 3055 Plaoidia
1395 2999 1450 3056 sub
1515 2996 1516 3001 ’

346 3103 482 3179 auspiciis
498 3103 526 3162 b.
544 3103 650 3161 Ritteri
667 3101 781 3178 habits,
802 3103 866 3163 Tibi
877 3105 948 3181 J'ura
964 3104 1117 3162 oathedrae
1134 3105 1293 3180 apennisse,
1314 3109 1349 3164 et
1364 3125 1449 3184 egra

346 3213 430 3290 gium
454 3212 532 3272 huno
557 3213 656 3274 virum
682 3213 715 3272 in
740 3213 841 3290 primis
865 3213 999 3288 secutum
1025 3223 1101 3288 esse',
1129 3233 1218 3296 quem
1242 3233 1296 3292 ego
1324 3235 1448 3293 quoque
1515 3264 1516 3279 a

345 3323 562 3398 praeceptorem
583 3323 744 3400 ducemque
763 3323 850 3382 unios
869 3322 930 3382 iere
950 3322 1042 3397 solui,
1062 3325 1098 3382 de
1118 3344 1177 3401 qua
1196 3327 1296 3383 tecum
1315 3328 1446 3402 oonjun·

345 3433 441 3492 ctione
461 3431 627 3507 paullulum
645 3433 718 3492 mihi
737 3433 856 3510 gloriari
875 3434 968 3494 lioeat.
999 3433 1053 3493 His
1068 3431 1258 3511 religionibus
1278 3439 1446 3495 eommotus

343 3539 515 3602 memoriam
534 3535 659 3600 nominis
679 3542 748 3615 rui,
771 3544 801 3600 et
822 3543 959 3621 antiquae
980 3543 1131 3603 nobiseum
1141 3544 1363 3604 eonsuetudinis
1369 3545 1446 3620 ,bo-

342 3653 492 3714 norifioum
519 3651 691 3712 Academiae
720 3652 835 3712 nostrae
861 3653 1115 3732 gratissimamque
1140 3653 1212 3712 mihi
1237 3653 1286 3731 pia
1312 3655 1446 3714 reoolere

339 3765 390 3840 jus
415 3764 517 3840 sesque
543 3763 662 3839 putavi,
690 3764 779 3840 idque
806 3781 874 3824 oum
901 3764 933 3822 in
953 3763 1074 3824 solemni
1093 3763 1241 3841 Panegyri
1260 3782 1286 3821 6.
1306 3762 1335 3822 d.
1357 3763 1446 3823 XVII

344 3874 459 3934 Ootobr.
476 3873 591 3950 publioe
608 3873 739 3932 oratione
756 3873 856 3933 habito
872 3873 1079 3949 plaudentibus
1095 3873 1230 3934 omnibus
1238 3873 1355 3950 peregi,
1376 3875 1445 3934 tum

343 3983 387 4043 his
403 3984 510 4044 litteris
526 3985 693 4061 tabulisque
712 3983 792 4057 Tibi,
814 3983 865 4043 Vir
881 3983 1059 4056 venerande,
1081 3985 1221 4042 testatum
1238 3983 1333 4042 faeere
1349 3985 1445 4044 volui.

343 4093 423 4164 Quae
450 4112 508 4167 res,
537 4095 670 4171 quamvis
689 4093 761 4153 levis
781 4094 922 4153 momenti
940 4094 1036 4154 famae
1056 4094 1135 4152 Tuas
1154 4094 1370 4152 incrementum
1391 4095 1447 4152 ad-

341 4204 410 4262 dere
429 4203 547 4280 nequit,
568 4205 633 4280 pise
650 4205 750 4262 tamon
767 4205 926 4282 grataeque
942 4204 1049 4264 montis
1068 4203 1278 4262 documentum
1294 4204 1331 4260 ut
1348 4221 1445 4280 aequo

342 4313 441 4373 animo
461 4313 584 4387 aooipiss
606 4313 689 4372 enixe
708 4332 787 4389 rogo.
