3064 5210
366 423 407 484 34
621 511 626 519 .
687 421 910 510 Supplementa
930 420 1147 482 denotationis

519 599 783 662 onmnnncmo
803 600 895 663 vmo
915 600 1054 667 nsvuu
1073 595 1330 680 acerrumo,

858 727 883 770 a.
904 727 931 771 Ρ.
952 727 981 771 n.

729 821 785 882 JO.
805 823 920 884 HENR.
941 823 1110 882 JUNGIUS.

408 933 537 992 Tantum
556 931 652 1006 abest,
673 932 726 993 Vir
745 931 922 1007 Clarissima,
946 936 983 993 ut
1000 937 1066 1010 post
1085 953 1184 995 meum
1204 938 1220 993 ὸ
1240 935 1357 1012 Belgio
1378 935 1468 994 disces

368 1061 435 1102 sum
461 1043 509 1104 vel
528 1043 656 1121 regionis
675 1043 804 1116 vestrae,
831 1043 879 1103 vel
898 1043 1030 1104 virorum
1049 1044 1158 1104 ibidem
1177 1045 1357 1126 eruditione
1376 1046 1469 1105 llorer-

367 1151 444 1214 tium
463 1153 634 1212 memoriam
653 1151 853 1228 deposuerim,
870 1155 907 1212 ut
925 1154 1024 1228 potius
1043 1154 1183 1231 temporis
1202 1155 1285 1242 apud
1308 1173 1367 1216 vos
1386 1133 1470 1212 trans

239 1291 242 1298 .
367 1263 425 1322 acti
448 1261 582 1338 jucunda
607 1261 722 1338 saepius
748 1262 910 1322 recordatio
938 1263 1069 1322 animum
1088 1264 1207 1324 mbeat:
1226 1265 1258 1324 in
1279 1264 1395 1341 primis
1413 1281 1468 1324 vero

366 1371 404 1430 ad
428 1371 494 1430 illos
512 1369 636 1430 subinde
656 1369 763 1438 mentis
783 1371 882 1432 oculos
901 1374 1103 1449 retorqueam,
1128 1392 1202 1451 quos
1222 1393 1296 1434 cum
1320 1375 1362 1436 ob
1384 1391 1468 1432 neees-

365 1479 541 1551 eitudinem,
568 1481 635 1538 tum
664 1481 701 1542 ob
729 1481 908 1558 singularem
926 1481 1102 1556 doctrinam,
1124 1484 1243 1544 maximi
1262 1501 1392 1560 semper
1411 1483 1468 1546 feei.

365 1593 411 1660 et,
433 1589 505 1648 dum
522 1589 635 1662 vivam,
656 1590 788 1650 facturam
807 1609 881 1650 sum.

243 1710 246 1714 ’
297 1673 306 1763 ’,
407 1699 650 1776 Quandoquidem
683 1699 729 1759 Tu
754 1699 861 1778 igitur,
896 1701 948 1760 Vm
974 1701 1162 1778 amicissime,
1199 1704 1280 1764 inter
1311 1699 1469 1780 praesentia

364 1809 502 1870 Bataviae
523 1810 627 1870 decora
647 1811 825 1870 eminentem
840 1811 938 1870 locum
950 1813 1019 1888 jure
1035 1813 1200 1890 meritoque
1217 1812 1335 1886 tueris,
1358 1830 1421 1874 non
1436 1811 1467 1868 ut

364 1921 495 1998 profecto
521 1921 601 2000 quod
627 1921 742 1981 mireris
749 1965 757 1996 ,
786 1922 843 1981 Tui
867 1923 929 1999 jam
955 1923 1022 1999 plus
1047 1923 1111 1985 vioe
1136 1921 1262 2000 simplici
1290 1923 1465 1983 mentionem

147 2033 151 2042 '
253 2061 257 2070 ·
330 2057 332 2063 v
364 2031 550 2094 honorificam
572 2032 650 2109 apud
668 2049 720 2100 nos
736 2031 868 2091 habitam
883 2032 987 2106 fuisse,
1009 2048 1079 2094 cum
1094 2033 1131 2092 de
1147 2051 1182 2092 eo
1198 2051 1296 2093 sermo
1315 2032 1464 2098 incideret,

188 2181 190 2190 .
285 2147 296 2154 ’
366 2141 419 2216 qui
446 2141 478 2198 in
504 2141 539 2198 B.
567 2140 687 2200 Gesneri
706 2141 803 2200 looum
822 2143 976 2201 succedere
995 2143 1112 2220 possit,¹
1125 2143 1185 2205 imo
1205 2142 1330 2218 debeat,
1362 2141 1463 2202 siGot

367 2250 451 2326 tinga
476 2250 617 2306 damnum
643 2249 733 2322 illud,
759 2250 838 2326 quod
858 2252 921 2310 tam
941 2252 1001 2311 cari
1020 2252 1123 2330 capitis
1139 2253 1257 2329 jactura
1277 2253 1413 2325 adtulit,
1432 2267 1462 2308 re

365 2359 472 2428 sarcire
495 2359 576 2418 velit.
618 2357 698 2427 Quae
719 2377 787 2418 oum
807 2357 850 2418 ita
870 2360 945 2433 sint,
971 2359 1081 2437 partim
1099 2381 1152 2439 pro
1172 2381 1206 2424 eo
1223 2381 1344 2436 amore,
1368 2358 1460 2440 quoin

366 2471 463 2539 Musas
484 2467 688 2547 Gottingenses
707 2467 799 2543 feror,
820 2469 930 2545 partim
947 2489 1001 2546 pro
1022 2489 1056 2530 ea
1073 2471 1274 2547 veneratione,
1296 2486 1460 2550 quamam·

367 2579 472 2638 ditioni
498 2581 567 2636 tuae
595 2577 701 2651 debeo,
731 2578 859 2638 sustinui
882 2597 942 2639 nou
968 2581 1086 2640 tentum
1112 2581 1184 2654 haec
1209 2582 1246 2667 ed
1267 2582 1310 2642 Te
1332 2581 1458 2644 scribere

366 2709 471 2752 vorum
497 2687 587 2748 etiam
613 2689 754 2764 majorem
781 2688 813 2748 in
839 2689 960 2748 modum
979 2690 1030 2750 abs
1049 2691 1089 2750 Te
1108 2693 1224 2768 petere,
1252 2695 1288 2751 ut
1309 2683 1458 2753 voltibus

366 2801 469 2864 verbis,
482 2798 554 2858 mihi
576 2798 738 2878 significes,
766 2799 877 2860 velisne
896 2800 1096 2861 vacuefactam
1116 2809 1168 2862 του·
1189 2786 1263 2861 aava
1284 2799 1413 2862 Gesneri
1427 2813 1458 2854 a·

365 2901 502 2972 thedram
520 2909 677 2986 occupare,
698 2909 783 2972 modo
800 2909 885 2970 bonis
901 2911 1117 2973 conditionibus
1134 2912 1171 2972 ed
1188 2887 1455 2982 eandemjnvi'teds

366 3023 475 3082 Nullus
500 3023 599 3080 autem
625 3019 747 3094 dubito,
775 3021 848 3100 quin
873 3021 928 3081 hoc
952 3021 1005 3080 fiat
1029 3021 1127 3102 (tenta
1152 3025 1232 3084 enim
1252 3026 1297 3085 est
1320 3020 1457 3102 apadno

367 3133 493 3193 nominis
519 3132 567 3192 tui
593 3129 684 3210 fama)
711 3130 736 3190 si
761 3130 906 3190 duntaxat
931 3134 1045 3191 constet
1063 3132 1193 3209 aliquem
1214 3135 1310 3194 adhuc
1332 3133 1413 3211 apud
1430 3127 1455 3184 lt

367 3261 516 3318 superesse
542 3240 714 3302 Germaniae
735 3260 877 3302 amorem:
904 3242 1156 3318 immo'spondere
1177 3244 1270 3305 audeo
1290 3243 1385 3325 (quod
1406 3254 1455 3302 vcro

365 3351 440 3412 tutis
459 3351 580 3410 auribus
600 3350 764 3426 depositum
784 3350 883 3431 velim)
903 3369 952 3411 eas
969 3351 1035 3411 'libi
1051 3354 1124 3413 tuno
1141 3355 1322 3416 conditiones
1340 3353 1455 3416 oblatum

364 3461 416 3533 iri,
437 3478 514 3538 quae
533 3459 747 3534 exspectatione
762 3460 845 3535 justa
863 3460 943 3520 haud
963 3461 1092 3522 minores
1111 3463 1230 3523 farturae
1250 3465 1331 3525 sunt.

403 3571 449 3630 Ne
469 3549 570 3628 autem
586 3586 734 3627 armorum
750 3569 880 3642 sonitus,
901 3589 991 3647 quem
1007 3571 1114 3647 passim
1131 3573 1286 3632 Germania
1305 3572 1454 3634 stamnum

364 3681 464 3752 audit,
481 3677 547 3738 Tibi
563 3679 675 3735 metum
696 3677 825 3754 aliquem
843 3678 985 3753 incutiat,
1006 3681 1093 3740 mitto
1111 3681 1176 3741 Tibi
1193 3682 1366 3746 novissimas
1383 3677 1453 3756 ephe·

363 3791 488 3851 merides
512 3791 675 3864 litteratas,
705 3809 781 3866 quae
801 3789 957 3868 Gottingae
976 3793 1161 3868 prodierunt,
1182 3813 1217 3854 ex
1237 3815 1366 3873 quarum
1385 3785 1454 3852 initio

363 3902 546 3976 praesentem
563 3919 665 3959 remm
684 3898 789 3958 faciem
809 3899 871 3975 ipse
891 3901 1003 3962 videbis
1023 3904 1069 3975 et,
1087 3923 1176 3983 quam
1194 3923 1300 3981 parum
1315 3905 1372 3966 sibi
1389 3912 1454 3962 nunt

365 4008 485 4084 quidem
511 4014 529 4067 a
548 4009 631 4070 Gallo
651 4011 788 4068 metuant
808 4009 912 4070 devota
932 4011 1023 4072 Musis
1041 4016 1175 4090 pectora,
1196 4014 1281 4074 facile
1302 4009 1452 4092 perspicias.

321 4177 324 4184 ,
364 4118 613 4195 —Quaecunque
629 4120 723 4198 igitur
739 4122 792 4178 tua
808 4119 861 4179 hac
878 4139 966 4198 super
985 4141 1017 4181 re
1037 4124 1183 4184 sententia
1202 4125 1307 4198 ment,
1325 4125 1372 4184 fao
1388 4119 1453 4180 inm

362 4229 469 4304 breve,
500 4229 608 4289 sifieri
627 4230 733 4308 possit,
761 4231 900 4306 temporis
920 4231 1110 4292 intervallum
1129 4253 1189 4295 non
1205 4235 1341 4297 nesciam.
1381 4217 1449 4291 Valet

365 4338 472 4415 Scripsi
489 4338 661 4399 Hanoverae
680 4359 706 4397 a.
724 4339 752 4397 d.
774 4338 857 4398 VIII.
881 4340 998 4400 Octobr.
1017 4339 1107 4401 1762.
