3074 5202
330 401 390 464 110
651 403 874 481 Summae
897 405 1114 466 Anewtottonis

330 579 363 638 iu
372 598 432 656 qua
444 581 544 640 tamen
559 580 638 657 cippi
651 581 821 657 sepulcralis
833 585 1004 659 conspectus
1014 582 1213 656 desideratur,
1234 581 1309 642 fecit
1318 581 1362 642 W.
1373 601 1424 642 vau

331 690 548 762 Groeuewoud,
575 690 787 769 lithographiue
806 696 869 751 arte
886 693 1084 753 excudendum
1097 693 1212 754 curauit
1237 693 1272 752 Ia
1290 692 1424 770 Springer

331 800 487 860 heideusis.
517 799 629 860 Domus
648 801 712 878 ipsa
731 805 831 878 postes
851 803 912 862 solo
931 805 1057 880 aequata
1076 805 1131 862 est.

371 1031 520 1090 corollarii
546 1032 609 1091 loeo
635 1031 805 1106 subjicimus
831 1031 920 1092 breve
946 1031 1115 1108 epistolium
1139 1033 1171 1090 in
1195 1050 1286 1091 usum
1307 1031 1426 1090 Voorstii

296 1159 301 1166 ·
332 1141 459 1218 collegae
476 1160 494 1199 a
512 1140 737 1218 Wytteubachio
756 1140 864 1217 scripto
884 1141 1102 1218 consignatum,
1124 1145 1155 1200 et
1174 1141 1317 1200 Graecam
1336 1140 1425 1212 illum,

311 1269 423 1336 ,quam
448 1269 537 1327 supra
562 1271 591 1328 p.
619 1249 660 1308 95
686 1251 829 1324 diximus,
857 1233 1008 1328 epistolam
1032 1251 1071 1310 ad
1090 1251 1283 1328 Lymdenum3
1307 1254 1425 1327 utraque

332 1381 368 1420 ex
394 1362 508 1440 autogr.
535 1361 688 1436 descripta.
720 1361 818 1419 Tertia
844 1361 971 1438 denique
999 1363 1037 1420 ad
1062 1362 1092 1420 J.
1108 1361 1175 1421 ⁷len
1194 1360 1308 1433 Brink,
1330 1378 1424 1437 quam·

334 1491 423 1548 quam
441 1471 537 1544 edita,
558 1471 596 1528 ad
616 1471 792 1547 supplendas
811 1474 922 1530 ceteras
942 1472 1100 1547 repetenda
1118 1470 1285 1532 uidebatur.

631 1628 855 1688 CLARISSIMO
875 1630 967 1690 VIRO
989 1631 1127 1691 OUVIER

698 1738 868 1800 secatam
892 1739 968 1800 lust.
991 1739 1063 1800 Nat.

609 1849 637 1908 J.
659 1869 686 1909 υ.
713 1849 745 1908 V.
776 1849 967 1910 Secretortus
987 1850 1039 1911 Ac.
1062 1850 1096 1910 L.
1119 1851 1157 1909 Β.

871 1961 898 2020 S.

376 2070 501 2131 Reddita
521 2073 565 2130 est
583 2071 666 2129 nobis
686 2071 808 2145 epistola
827 2069 946 2144 Vestra3
967 2090 1026 2148 qua
1045 2073 1121 2130 locta
1140 2089 1319 2149 magnopere
1335 2057 1422 2129 locuti

336 2199 438 2241 sumus
464 2181 542 2258 quod
569 2182 633 2257 ejus
660 2161 869 2257 argumentum
895 2199 963 2240 oum
990 2183 1096 2241 nostris
1118 2181 1223 2241 studiis
1244 2181 1423 2258 conjunctum

338 2310 567 2370 agnosceremus.
588 2291 687 2368 Igitur
705 2291 784 2368 quod
803 2309 821 2347 a
840 2291 924 2350 nobis
939 2291 1065 2366 petiistis
1083 2292 1221 2351 lubenter
1240 2292 1379 2352 fecimus:
1396 2288 1425 2345 ut

338 2401 414 2461 illud
440 2405 649 2479 argumentum
673 2404 889 2478 programmate
907 2404 1006 2461 vestro
1027 2405 1196 2462 enarratum
1215 2401 1253 2460 ad
1274 2401 1424 2479 publicam,

340 2512 437 2589 quoad
463 2513 527 2588 ejus
551 2513 675 2570 maxime
702 2512 766 2570 fieri
785 2515 916 2588 poterat,
935 2513 1073 2571 notitiam
1091 2513 1330 2591 divulgaremus:
1349 2511 1425 2586 idque

340 2640 374 2682 eo
398 2621 549 2681 lubentius
574 2621 711 2694 fecimus,
741 2641 798 2698 quo
820 2623 912 2700 magis
931 2622 1085 2682 consilium
1103 2622 1179 2682 illud
1198 2625 1281 2700 quod
1302 2623 1340 2682 ad
1357 2639 1424 2680 eom-

337 2750 460 2792 munem
485 2732 646 2792 utilitatem
664 2732 808 2809 pertinet,
828 2733 902 2791 item
921 2732 958 2790 ad
977 2751 1163 2792 communem
1183 2734 1319 2794 ommium
1338 2727 1423 2808 cogni·

338 2843 450 2902 tionem
474 2842 681 2901 celebrandum
708 2843 758 2900 est.
791 2842 830 2900 Et
856 2861 925 2903 vero
949 2843 1122 2903 Academiae
1145 2845 1262 2905 nostrae
1283 2844 1384 2902 Rector
1398 2837 1421 2896 et

340 2953 464 3012 Senatus
490 2953 521 3011 id
540 2971 600 3012 nou
619 2953 705 3011 modo
724 2952 903 3026 faciendum,
931 2952 982 3011 sed
1001 2952 1114 3013 factum
1133 2955 1223 3012 etiam
1238 2955 1329 3014 Vobis
1347 2947 1422 3027 signi·

339 3061 488 3122 licendum
501 3062 777 3137 rescribendumquc
792 3064 984 3134 censuerunt3
999 3066 1035 3122 ut
1044 3063 1248 3142 intelligeretis
1258 3063 1422 3124 nostantum

339 3173 475 3248 babuisse
494 3173 637 3258 rationem
656 3174 798 3248 quantam
815 3172 973 3230 maximam
991 3175 1023 3231 et
1040 3173 1208 3233 humanitas
1224 3177 1255 3233 et
1276 3166 1423 3234 communis
1508 3205 1509 3210 κ

340 3283 423 3344 uobis
449 3283 606 3344 Vobiscum
633 3283 852 3359 disciplinarum
876 3300 958 3342 amor
983 3285 1122 3359 postulat.
1152 3284 1271 3362 Pergite
1290 3299 1373 3361 porro
1390 3275 1423 3334 Cl·

341 3393 402 3455 VV.
424 3411 546 3471 operam
560 3393 793 3469 industriamque
813 3391 947 3450 Vestram
966 3393 1003 3452 ad
1019 3393 1206 3471 ingeniorum
1222 3393 1423 3454 doctrinarum·

233 3577 236 3584 γ
341 3523 400 3582 que
419 3505 599 3564 incrementa
619 3503 764 3564 conferre:
790 3502 947 3579 nobisque,
967 3505 1003 3562 ut
1022 3503 1132 3577 facitis,
1152 3504 1258 3564 favete.

382 3615 489 3692 Scripsi
507 3615 646 3693 Lugduni
665 3613 748 3710 Ed·
769 3611 810 3672 15
828 3613 899 3672 maii
918 3628 1023 3672 amcos.

494 3803 764 3921 Βυτῖενβοίχιος
802 3798 982 3912 Λυνδήνῳ
1017 3797 1061 3887 εὖ
1100 3803 1281 3908 προὶτΊειν.

390 3963 475 4031 Οἶδα
497 3966 553 4043 μὲν
577 3961 623 4029 ὅτι
641 3962 829 4041 θαυμάσεις,
854 3960 875 4027 ὦ
897 3963 1028 4040 βέλτιςε
1049 3963 1201 4040 Aeolios,
1226 3967 1258 4030 τί
1280 3965 1315 4038 δὴ
1336 3953 1425 4026 παθὼν

305 4125 311 4138 =
344 4089 405 4166 ἐγὼ
429 4086 584 4162 illusisti
607 4109 652 4151 σοι
677 4084 865 4150 ἐπιστέλλω·
892 4087 924 4150 οὐ
948 4088 1008 4163 μὴν
1031 4085 1120 4151 ἀλλὰ
1145 4086 1251 4165 παύση
1275 4077 1424 4161 θαυμάζων

343 4209 479 4282 ἀκούσας
503 4211 558 4283 τὴν
577 4209 682 4273 αἰτίαν
701 4214 753 4272 τοῦ
775 4206 972 4287 πράγματος.
1005 4210 1089 4287 Ἐγὼ
1109 4208 1171 4289 γὰρ
1190 4206 1258 4288 ἄρτι
1279 4199 1423 4273 lirratus

346 4328 507 4410 ἑλληνίζων
531 4329 602 4409 πρὸς
626 4338 789 4410 Λαρχῆρον
809 4332 858 4394 τὸν
879 4330 909 4395 ἐν
930 4305 1087 4413 Aceronia
1107 4336 1160 4402 τῆς
1181 4329 1338 4401 Γαλλίας,
1364 4321 1422 4384 Vm·
