3074 5202
442 433 473 486 et
502 428 711 505 Epistclccunc
734 426 924 488 Rsulsnlsccii.
1189 429 1232 490 ‘73

100 611 180 687 gis
200 609 314 669 idoneo.
343 607 421 667 Nom
441 609 525 666 tants
544 607 616 679 fide,
638 606 822 666 accuratione
845 609 876 665 et
897 606 993 666 nitore
1016 607 1116 667 omnia
1129 608 1234 667 exscri-

107 721 210 796 psit,
232 722 267 777 ut
286 717 361 778 nihil
380 737 470 793 supra
490 717 558 776 addi
572 735 660 793 posse
680 717 824 777 videatur.
854 717 938 786 Quod
957 717 1074 777 abunde
1094 718 1178 793 patet
1198 735 1233 776 ex
1335 729 1336 733 ’

109 829 247 890 collatis
263 827 471 905 speciminibus
487 826 765 901 hientfauccnianis,
783 845 858 904 ques
875 845 944 904 prae
958 817 1238 904 nostroapcgrephc‘

110 939 352 1022 {mendosissime
377 939 463 1011 sunt,
492 939 522 996 et
541 938 715 996 lacunarum
734 937 835 1013 plena,
859 937 930 995 adeo
950 938 987 995 ut
1005 936 1067 995 fere
1086 937 1231 1012 suspicer,

111 1049 386 1111 Montfeuconium
413 1047 472 1108 ists
498 1047 643 1107 Glossaria
667 1047 814 1108 Monachis
842 1047 1018 1124 quibusdam
1039 1046 1163 1107 indoctis
1181 1047 1232 1108 ‹le-

116 1161 288 1223 scribenda
305 1159 493 1230 commisisse;
513 1180 542 1219 v.
564 1178 588 1218 c.
609 1178 675 1236 psg.
696 1157 766 1218 484.
787 1159 830 1217 ita
850 1158 965 1217 exhibet
980 1157 1231 1220 Montfauconius:
1281 1189 1283 1194 v

118 1272 245 1348 ψυχρὸς
271 1251 437 1345 dissipantis,
466 1271 533 1329 ἀντὶ
562 1275 614 1328 τοῦ
644 1265 774 1346 ἔγραψεν.
800 1274 945 1342 Κρατῖνος
967 1275 1085 1344 Ὥραις.
1105 1270 1230 1326 Πλάτων
1290 1302 1292 1306 ·

121 1386 224 1452 Hesp.
244 1379 326 1456 quod
344 1379 443 1438 fraudi
462 1378 521 1437 fuit
539 1379 602 1439 viro
622 1378 785 1454 praeclaro,
805 1377 841 1437 A.
862 1378 1010 1456 Heringae
1031 1378 1180 1440 Observet.
1200 1397 1231 1453 p.

124 1489 202 1550 295.
239 1490 282 1549 At
301 1491 412 1567 quanto
430 1489 535 1549 mehus
555 1489 587 1548 in
608 1488 812 1565 (lapperonerii
831 1488 1021 1566 hpographo:
1050 1492 1158 1566 ψυχρὸς
1178 1491 1231 1547 ἄν·

129 1607 267 1678 θρωπος,
291 1601 356 1659 ἀντὶ
380 1609 430 1658 τοῦ
452 1599 632 1672 δυσκίνητος.
659 1598 772 1658 Deinde
788 1617 864 1658 nova
880 1599 988 1674 glossa:
1012 1579 1149 1673 ψήφισμα
1164 1595 1230 1670 ἴθι]-

129 1731 192 1777 κεν,
213 1710 280 1782 synt
302 1717 355 1768 rori
376 1709 507 1784 ἔγραψεν.
527 1714 672 1782 Κρατῖνος
694 1715 812 1783 Ὥραις.
833 1704 957 1765 Πλάτων
976 1713 1150 1772 πολιτείαις.
1171 1708 1230 1768 Re-

130 1819 191 1876 dux
216 1820 249 1878 in
275 1818 413 1896 Angliaiu
440 1817 662 1879 officiosissimus
687 1817 772 1894 Gelly
796 1818 866 1877 bina
890 1818 1033 1879 Glossaria
1052 1816 1140 1890 mihi,
1168 1833 1230 1876 une

130 1947 199 1988 cum
219 1929 283 1988 eliis
301 1929 385 1988 libris
405 1929 437 1988 in
456 1915 564 2005 hughe
584 1928 685 2002 editis,
707 1929 783 1988 dono
798 1928 887 1988 misit.
913 1929 1017 2006 Neque
1033 1928 1081 1988 hic
1095 1928 1230 1988 substitit

132 2039 196 2113 eJ'us
214 2037 381 2098 liberalitas.
412 2039 469 2098 Sed
488 2037 630 2115 quicquid
649 2039 681 2096 in
701 2041 850 2114 posterum
870 2037 903 2096 in
922 2037 1046 2122 Angliae
1066 2037 1229 2098 Bibliothe-

131 2148 174 2207 cis
193 2149 240 2208 vel
259 2149 382 2210 describi
402 2149 450 2209 vel
469 2148 597 2208 conferri
616 2148 719 2221 velim,
738 2149 803 2224 ejus
819 2147 966 2207 sumtibus
983 2148 1227 2212 mihicurabitur.

131 2257 233 2335 Nego,
260 2278 311 2334 per
335 2277 452 2320 omnem
478 2259 571 2320 vitam
593 2277 640 2316 me
659 2257 767 2318 vidisse
785 2256 934 2317 hominem
954 2258 1046 2336 magis
1066 2259 1229 2318 humanum

128 2369 162 2426 et
183 2367 220 2426 sd
240 2368 338 2428 literas
353 2369 500 2446 juvandas
515 2368 690 2444 proniorem.
712 2367 823 2426 Timaei
838 2368 1047 2444 praestantiam
1063 2368 1132 2428 satis
1149 2369 1227 2428 nosti

127 2497 164 2538 ex
183 2477 342 2553 specimine
361 2477 627 2538 Montfauccnianc.
657 2477 701 2536 Ex
720 2477 811 2536 elterc
832 2477 973 2538 Glossario
990 2479 1127 2554 pauciore
1143 2479 1227 2539 nobis

127 2587 293 2663 impertivit
317 2587 365 2648 vir
389 2587 534 2665 egregius.
573 2587 650 2648 Scias
676 2607 761 2661 vero,
789 2588 840 2647 illo
866 2589 947 2648 mille
973 2589 1099 2665 emplius
1117 2589 1227 2667 glossas

127 2697 286 2770 contineri3
312 2698 421 2774 quibus
448 2699 494 2756 tot
519 2717 595 2759 nova
622 2700 652 2757 et
677 2697 828 2757 recondita
853 2699 1028 2771 traduntur,
1055 2701 1091 2757 ut
1110 2703 1227 2776 praeter

125 2807 388 2884 Harpocrationem
407 2809 438 2867 et
456 2807 637 2885 Hesychium
655 2827 715 2868 non
734 2809 772 2868 sit
795 2809 827 2867 in
846 2809 901 2867 hoc
920 2827 1026 2885 genere
1046 2808 1134 2881 liber,
1155 2810 1225 2887 qui,

125 2919 348 2979 Hcmstcrhusio
370 2918 488 2994 judice,
504 2937 581 2978 'cum
609 2917 751 2979 Glossaric
779 2921 878 2979 nostro
904 2917 1031 2979 conferri
1057 2919 1157 2995 possit
1188 2920 1227 2978 In

127 3029 252 3106 singulis
277 3047 370 3105 paene
395 3029 497 3107 glossis
522 3029 682 3090 laudentur
707 3025 850 3089 Auctores
876 3029 1034 3106 deperditi,
1063 3029 1170 3088 Comici
1193 3029 1226 3089 in

126 3139 243 3216 primis,
271 3137 505 3213 Anexemdrides,
531 3139 709 3214 (lantherus,
736 3139 871 3215 Eupolis,
893 3140 1101 3212 Timostratus,
1122 3139 1227 3217 Diphi-
1296 3141 1305 3161 ⁶

126 3248 189 3323 lus,
209 3248 401 3324 Philippides,
417 3249 540 3322 Aneros,
561 3249 734 3321 Menander,
755 3247 952 3324 Antiphanes,
974 3248 1142 3324 Nicophon,
1162 3249 1226 3306 lle-

120 3362 263 3436 tcgenes,
290 3358 405 3432 Alexis,
425 3357 618 3436 Hermippus,
645 3359 785 3432 Alcaeus,
815 3359 966 3431 Cratinus,
987 3357 1114 3430 Diocles,
1136 3358 1226 3418 Nico·

124 3467 234 3540 charis,
263 3470 294 3526 et
321 3469 421 3528 decem
441 3469 557 3528 circiter
574 3470 690 3544 praeter
709 3468 761 3528 hcs
781 3468 840 3527 alii.
871 3469 1033 3528 Multorum
1051 3469 1224 3528 Drametum

123 3578 243 3652 nomina
268 3597 349 3638 nunc
378 3579 510 3654 primum
529 3578 725 3656 innotescunt
755 3579 916 3654 Pleraeque
945 3579 1057 3656 glossae
1078 3577 1225 3638 breviores

123 3690 210 3747 sunt:
239 3689 318 3764 quod
344 3686 423 3748 cum'
437 3687 657 3748 Hemsterhusio
678 3688 872 3748 certissimum
891 3687 1086 3764 Antiquitatis
1105 3687 1224 3764 signmn

123 3801 206 3874 pute.
236 3797 385 3875 AdJioicm'
401 3799 446 3857 his
465 3799 497 3858 in
517 3798 643 3876 gratiam
661 3799 858 3874 tuampquae
877 3817 913 3856 ex
932 3797 1120 3874 Tragicorum
1141 3798 1224 3874 prin-

122 3910 186 3984 cipe
206 3909 291 3967 affert
304 3907 336 3987 ¹).

163 4156 184 4234 ¹)
212 4167 277 4216 llaec
298 4169 477 4234 supprimenda
499 4149 659 4226 censuimus,
687 4169 781 4234 quippe
803 4177 889 4234 postea
910 4171 993 4218 denuc
1014 4187 1072 4220 curn
1093 4172 1220 4222 bruschio

124 4248 305 4297 communicata
333 4257 360 4298 et
387 4249 504 4315 Sophocli
529 4249 655 4298 ndffibiac
683 4249 732 4298 vid.
754 4249 899 4299 Ruhnkenii
921 4251 966 4314 Ep.
992 4250 1023 4298 ed
1045 4251 1176 4315 Wyttenh.
1196 4269 1220 4302 s.

127 4326 213 4389 1784,
234 4345 259 4394 p.
282 4331 317 4380 43
336 4345 373 4394 sq.
397 4337 424 4380 et
443 4329 634 4394 Wyltenbccbii
654 4329 772 4382 ribboth.
792 4330 850 4379 crit.
870 4332 896 4382 Ρ.
919 4332 961 4380 lx.
984 4347 1018 4398 pr
1034 4331 1100 4381 110.

1059 4431 1074 4478 9
