3064 5210
477 415 520 474 od
547 414 646 474 Vitam
668 413 860 474 Ruhnkeaii.
1181 404 1220 468 27

110 604 148 660 ut
167 599 216 660 hio
234 598 361 657 testatur
382 595 420 654 ad
440 595 552 654 Moerin
562 615 591 670 p.
603 581 671 654 235.
694 594 757 662 Quo
766 595 892 668 mortuo,
905 591 1041 666 deinceps
1050 587 1216 664 parvenisse

110 711 231 771 videtur
245 707 282 766 ad
298 707 346 766 Jo.
362 705 436 765 Dan.
454 704 636 780 Lennepium
652 705 682 762 et
699 704 737 761 ad
747 703 794 762 Jo.
804 703 1000 764 Schraderum
1007 746 1017 775 ,
1038 700 1165 778 denique
1179 701 1217 759 ad
1238 772 1241 780 Ι

111 822 235 880 Petrum
252 816 457 888 Fontoinium3
479 814 613 887 nudem,
636 815 701 890 post
721 813 835 873 aditum
852 813 915 890 jem
935 811 1107 888 Catalogum
1126 810 1217 872 libro·

112 947 181 990 rum
210 930 354 988 mstomm
384 922 522 1000 61851,
552 923 668 982 transiit
686 923 720 982 in
739 921 949 982 Bibliotheoam
968 920 1214 999 Lugduno-Bata·

113 1058 195 1112 vam,
216 1037 318 1115 itaque
337 1036 375 1094 ad
394 1034 548 1113 pristinam
568 1053 652 1106 suam
670 1033 769 1120 sedem
788 1030 923 1092 revertit.

152 1148 185 1208 P.
206 1145 255 1208 71.
278 1145 410 1228 Miretur
430 1145 499 1223 quis
518 1153 591 1204 eum
612 1161 676 1204 noa
698 1144 735 1202 in
755 1141 935 1203 sodalitium
954 1141 1142 1202 Academiae
1159 1141 1216 1202 la-

112 1258 318 1336 satptioaum
347 1256 444 1332 fuisse
472 1253 651 1335 adscitum]
694 1254 776 1323 Quod
806 1254 860 1313 sub
887 1253 1008 1312 initium
1037 1253 1107 1312 anni
1138 1249 1218 1312 1753

113 1365 305 1430 Valckenario
323 1364 440 1441 scripsit
458 1362 651 1424 Ruhnkenius
671 1363 754 1442 (hipp.
770 1364 945 1424 mutuarum
963 1383 991 1440 p.
1012 1361 1077 1442 79),
1099 1361 1217 1423 codam-

113 1497 172 1557 que
202 1495 280 1536 anno
311 1475 348 1534 ad
378 1475 466 1534 finem
495 1476 635 1552 vergente
656 1475 779 1534 Ernesto
800 1472 922 1554 (Annot.
943 1475 1059 1534 nostrae
1080 1493 1109 1550 p.
1127 1471 1216 1554 420),
1326 1520 1328 1528 .

114 1571 288 1648 Acaderniae
314 1586 420 1664 Regiae
445 1584 675 1662 Inscriptionum
702 1586 733 1644 et
758 1583 972 1662 elegantiarum
995 1584 1150 1644 literarum
1168 1603 1215 1646 so·

114 1699 193 1759 cium
209 1716 239 1756 sa
256 1696 347 1756 fuisse
358 1695 552 1772 adscriptum,
567 1707 656 1772 quern
675 1695 815 1754 honorem
831 1695 858 1753 ci
873 1695 1080 1773 gratulabatur
1089 1694 1213 1755 Valcke·
1234 1745 1237 1752 .

113 1807 214 1868 narius
239 1828 268 1884 p.
289 1806 345 1881 85,
374 1806 518 1884 quomodo
545 1806 772 1883 intelligendum
799 1805 852 1879 sit,
882 1805 1009 1864 declarat
1029 1805 1215 1890 Diplomain

114 1918 283 1977 membrana
309 1919 461 1976 exaratum
480 1917 536 1993 ipsi
555 1900 712 1988 trnditum,
742 1915 820 1993 quod
841 1933 902 1974 una
921 1933 990 1974 oum
1009 1915 1218 1995 Bougainvillii
1243 1934 1244 1938 ’

116 2026 241 2085 actuarii
265 2026 359 2086 literis
384 2026 417 2086 in
444 2015 614 2085 collectione
640 2025 816 2112 nuzaoiana,
844 2036 933 2101 quam
959 2043 1048 2101 supra
1075 2025 1216 2100 dirimas,

116 2136 266 2198 servatum
284 2136 344 2206 cst,
365 2134 503 2212 quodque
521 2136 562 2195 sic
582 2153 612 2194 se
633 2134 733 2194 habat:

180 2351 347 2414 uxrem
367 2351 438 2412 DES
457 2351 662 2412 susurrus
682 2351 733 2411 Du
751 2351 983 2414 L’AGADEMIE
1002 2321 1154 2415 novate

275 2459 346 2521 DES
366 2459 631 2522 INSGRIPTIONS
652 2461 700 2520 ET
720 2462 862 2522 BELLES
882 2462 1056 2522 LETTRES.

226 2575 229 2580 ’
375 2570 427 2631 Du
454 2569 608 2630 Veodredi
626 2569 666 2632 22
687 2569 850 2632 Decembre
863 2570 958 2632 *1752

156 2711 213 2770 Sur
232 2711 261 2770 la
275 2710 454 2788 proposition
474 2709 545 2770 faite
566 2714 583 2768 a
602 2710 631 2768 la
651 2709 827 2789 Compagnie
846 2729 900 2787 par
915 2711 955 2770 M.
972 2711 1088 2790 Bignon
1105 2712 1215 2774 Biblio-

115 2820 223 2880 tcoaira
248 2821 290 2881 du
315 2821 370 2881 Roi
395 2823 426 2880 et
451 2819 685 2897 Viae-president
710 2821 747 2879 de
766 2818 959 2894 l'Academie‚
986 2822 1023 2881 de
1043 2821 1156 2882 donner
1173 2845 1217 2887 un

114 2929 301 3010 temoignage
326 2929 426 3008 public
452 2929 583 2990 d’cstime
611 2934 641 2990 et
668 2931 704 2989 de
731 2931 945 2992 consideration
961 2936 979 2990 a
997 2933 1036 2993 M.
1053 2933 1216 3010 Ruhnken,
1307 2911 1309 2918 Α

118 3041 172 3121 qui
196 3039 267 3100 s'est
291 3039 346 3100 fait
366 3057 409 3099 un
427 3059 496 3100 nom
516 3040 588 3100 dans
607 3041 636 3099 la
655 3039 839 3118 Republique
859 3041 910 3100 des
928 3041 1043 3103 lettres
1062 3063 1116 3121 par
1135 3047 1218 3124 quel·

118 3168 190 3230 qnos
210 3169 351 3228 ouvrages
370 3153 409 3210 ou
428 3150 598 3210 l'arudition
617 3152 647 3210 et
667 3150 696 3214 la
715 3149 841 3228 critique
861 3170 892 3211 se
908 3151 974 3211 font
989 3153 1155 3230 tgalcment
1169 3176 1217 3217 re·

118 3279 268 3340 marquer3
288 3261 330 3320 la
349 3260 535 3341 Compagnie,
554 3262 713 3340 persuadeo
733 3254 807 3339 qu’il
826 3263 871 3321 est
890 3262 926 3321 de
946 3281 999 3323 son
1019 3263 1121 3326 devoir
1139 3268 1217 3328 etde

116 3389 170 3432 son
189 3352 305 3432 intdrat¹
317 3369 510 3432 d'antretenir
530 3390 600 3433 avec
619 3372 661 3432 les
679 3373 813 3432 scavants
829 3374 981 3451 strangers
997 3392 1040 3434 un
1057 3393 1217 3438 commuta
1296 3413 1299 3420 ·

117 3481 192 3542 utile
219 3501 259 3541 au
277 3487 396 3560 progrcs
416 3483 467 3544 dee
485 3483 614 3557 Lethes,
632 3503 671 3557 a,
698 3502 752 3560 par
770 3503 830 3543 une
850 3483 1042 3546 delibiration
1061 3487 1218 3562 unanime,

119 3591 174 3652 mis
193 3592 233 3651 Μ.
253 3591 401 3652 Ruhnken
419 3612 458 3653 au
477 3594 599 3654 nombre
616 3593 653 3653 de
672 3612 717 3654 ses
733 3589 995 3670 eorrespondana',
1015 3599 1047 3655 et
1061 3596 1167 3682 charge
1176 3597 1216 3658 Μ.

119 3699 156 3760 de
172 3701 377 3782 Bougainville
395 3722 449 3764 son
468 3703 628 3764 Secretaire
646 3705 800 3782 perpetual
820 3706 856 3764 de
876 3705 921 3766 lui
940 3705 1077 3783 expediar
1096 3706 1147 3767 das
1163 3707 1219 3768 lat·

119 3809 186 3869 tras·
195 3809 232 3872 de
247 3812 505 3890 correspondanoe,
526 3812 645 3875 suivant
658 3813 770 3894 l’usege
787 3816 817 3874 et
834 3814 907 3874 dans
919 3815 1051 3876 laforme
1061 3815 1217 3880 ordinaire.

157 3981 197 4026 uu
223 3981 273 4026 ror
297 3983 337 4026 un
364 3983 434 4036 Quor
459 3965 513 4046 j'ai
542 3969 626 4048 signo
654 3970 696 4030 les
727 3973 876 4047 presentes
906 3970 1008 4031 lettres
1034 3971 1150 4034 soclldes
1176 3975 1218 4036 du

118 4076 209 4137 Soeau
229 4077 266 4138 de
284 4076 470 4139 l’Acadtmie.
504 4079 571 4140 Fait
590 4085 607 4140 a
622 4080 705 4140 Paris
727 4100 766 4140 an
784 4082 900 4142 Louvra
919 4081 948 4141 16
967 4083 1113 4144 Vendradi
1131 4086 1218 4164 vingt

119 4188 195 4250 deux
215 4189 368 4256 decembre
387 4189 520 4269 mil-sept
539 4193 606 4252 cant
626 4192 784 4271 cinquante
804 4193 889 4254 deux.

858 4351 896 4395 DE
916 4351 1141 4396 uouenuvnns.
