3074 5202
275 409 278 416 ⁴
335 389 375 468 78
661 389 843 450 Auctarium
878 391 1104 468 Opusculorum

335 568 550 630 correctionum
575 567 658 627 nobis
683 569 851 646 conjectura
876 568 909 626 in'
935 585 1059 628 aureum
1080 568 1253 648 scriptorem
1271 573 1431 648 suggessit:

334 680 387 740 scd
407 679 495 738 habes
515 679 570 737 hac
588 677 669 757 lege,
689 678 725 737 ut
744 678 957 739 acerbissimam
969 677 1068 738 ,crisin
1085 678 1118 738 in
1137 697 1185 738 cas
1205 697 1346 739 exerceas.

376 786 576 869 [Interpositis
600 787 804 866 Longinianis‚
832 806 907 863 quae
933 788 1000 864 post
1024 787 1116 850 editas
1141 788 1204 864 ejus
1231 787 1381 865 aTcupio
1401 793 1434 848 et

337 898 465 963 Weiskio
484 898 517 956 in
536 884 703 975 Longinum
721 896 982 957 animadversiones
999 897 1047 957 hic
1063 897 1225 963 omittenda
1239 899 1434 968 videbantur,

336 1012 425 1070 finem
445 1008 589 1070 scribendi
608 1008 678 1068 fecit
696 1007 888 1078 Ruhnkenius
907 1007 951 1068 his
971 1004 1095 1089 verbim]
1203 999 1205 1004 ’

376 1123 432 1180 Pro
450 1120 588 1198 Scaligeri
604 1118 733 1196 epistolis
750 1119 815 1178 Tibi
831 1118 940 1197 gratias
957 1138 1020 1196 ago.
1041 1119 1161 1177 Utinam
1177 1118 1312 1178 alicunde
1331 1138 1435 1179 eruere

337 1219 449 1310 nossem
476 1229 584 1288 similes
606 1228 650 1287 illi
671 1229 708 1287 ad
726 1229 758 1286 P.
780 1228 957 1288 Scriverium
983 1229 1061 1288 inter
1080 1228 1172 1289 editas
1192 1228 1225 1286 L.
1249 1245 1288 1287 lv.
1310 1249 1339 1305 p.
1361 1227 1435 1295 824,

336 1360 428 1420 qnam
451 1341 551 1416 postea
570 1338 727 1414 bibliopola
746 1339 894 1399 Leidensis
910 1339 964 1398 sub
981 1339 1070 1398 titulo
1087 1338 1210 1398 Diatrib.
1228 1338 1264 1398 de
1281 1339 1354 1397 Arte
1375 1339 1437 1398 Gri-

338 1452 397 1511 tica
424 1449 529 1518 edidit,
555 1451 586 1508 et
610 1449 711 1508 multis
735 1449 790 1508 hoc
809 1452 895 1525 paeto
918 1450 1021 1508 fucum
1047 1449 1126 1508 fecit.
1158 1449 1281 1509 Notavit
1304 1449 1437 1510 hominis

337 1560 472 1620 fraudem
497 1560 538 1618 (tl.
563 1559 750 1618 Burmannus
776 1560 866 1634 praef.
894 1560 931 1618 ad
950 1559 1064 1619 'Valesii
1083 1559 1249 1618 Emendatt.
1281 1559 1337 1618 Sed
1366 1561 1438 1618 setis

337 1671 391 1732 diu
411 1671 451 1730 Te
471 1670 563 1731 tenui.
590 1669 677 1743 Vale,
698 1670 744 1728 vir
763 1670 1023 1746 praestantissime,
1044 1689 1165 1747 meque,
1185 1672 1221 1729 ut
1241 1689 1338 1742 amas,
1361 1689 1438 1728 ama.

336 1781 410 1844 Dab.
431 1781 536 1842 Leidae
556 1781 583 1840 d.
605 1778 644 1839 26
662 1780 785 1840 Januar.
805 1778 893 1839 1760.

696 1970 834 2030 DAVIDI
849 1969 1081 2030 RUHNKENIO

605 2081 673 2142 Viro
692 2077 861 2140 ewrissimc
881 2085 973 2158 atque
993 2080 1179 2140 amicissimo

850 2204 876 2248 s
896 2206 925 2249 n.

702 2300 734 2356 L.
755 2299 791 2399 (i.¹
805 2298 1069 2358 vunentanus.

381 2438 643 2515 Occupatissimum
668 2437 768 2513 patere
795 2438 831 2494 ut
857 2409 1016 2513 Tepaucis
1037 2436 1230 2514 interpellem.
1261 2437 1441 2516 Dignissimo

338 2549 406 2610 Tibi
427 2568 535 2609 munus
557 2547 765 2607 demandatum
778 2545 817 2626 ¹),
848 2545 873 2606 si
902 2547 967 2623 quis
997 2547 1088 2621 alius,
1119 2567 1154 2608 ex
1180 2549 1276 2607 animo
1303 2551 1440 2628 gratulor

340 2664 371 2721 et
396 2678 498 2738 precor
527 2662 563 2718 ut
585 2656 661 2716 illud
680 2674 765 2716 ornes
784 2655 955 2716 diutissime.
995 2637 1193 2730 Fasciculum‚
1224 2677 1313 2735 quem
1333 2659 1372 2717 ad
1392 2679 1439 2720 me

340 2769 461 2842 misisti,
491 2768 586 2828 laetus
606 2767 718 2844 accepi3
746 2765 779 2825 in
799 2785 832 2826 eo
859 2767 970 2827 flustra
995 2785 1179 2846 speraveram
1207 2768 1363 2845 epistolam
1391 2787 1441 2828 me

331 2871 542 2966 ¹inventurum.
572 2879 633 2938 Has
653 2877 689 2937 ad
720 2877 793 2936 Clar.
822 2877 980 2938 Einestum
1006 2879 1121 2953 literas,
1153 2879 1260 2956 quibus
1286 2898 1340 2956 pro
1368 2880 1439 2939 mis-

337 2993 379 3078 sis
405 2990 577 3050 muneribus
604 2988 741 3048 litorariis
767 2987 893 3049 Homero
920 2991 950 3047 ct
976 2989 1087 3049 Caiiim.
1114 2991 1213 3069 gretes
1232 3007 1303 3068 ago,
1332 2989 1439 3062 Tn,si

338 3122 387 3164 me
406 3121 500 3173 amas,
522 3099 636 3159 curabis
655 3101 691 3158 ut
710 3098 804 3174 prima
824 3099 971 3158 occasione
989 3099 1117 3177 Lipsiam
1134 3099 1312 3158 deferantur.
1334 3099 1439 3178 Toupii

339 3210 557 3272 emendationes
582 3209 615 3270 in
636 3208 756 3268 Suidam
781 3209 841 3287 legi
860 3209 1086 3285 jucundissime,
1113 3209 1239 3269 hominis
1271 3209 1437 3268 Atticarum

337 3321 553 3401 elegantiarum
573 3321 604 3378 et
623 3319 813 3379 meti-icarum
831 3319 1010 3396 peritissimi.
1048 3320 1169 3390 Quando
1190 3319 1230 3378 Te
1251 3321 1363 3380 misisse
1389 3341 1439 3381 su—

337 3433 449 3510 spicor,
471 3449 529 3508 quo
550 3448 687 3504 nenses,
709 3428 871 3506 exemplar,
892 3429 1039 3520 occasione
1059 3429 1128 3488 deta
1146 3428 1281 3490 libellum
1298 3431 1364 3492 Tibi
1372 3449 1440 3510 gra·

338 3515 390 3606 tus
416 3541 574 3600 remittam.
610 3539 717 3600 Insunt
741 3539 884 3598 nonnulle
903 3541 1017 3612 tamen,
1044 3557 1120 3615 quae
1139 3537 1203 3600 viro
1223 3540 1438 3600 accuratissume

340 3655 432 3717 nolles
454 3644 723 3724 excidisse,'veluti
742 3670 771 3726 p.
789 3647 866 3724 161,
894 3651 944 3720 τήν
964 3623 1102 3724 {pirenos
1123 3650 1190 3720 (τήν
1209 3648 1377 3726 insinuator
1392 3649 1437 3709 vei

336 3790 376 3823 cir
393 3757 539 3824 nonnemo
559 3758 706 3841 corrigit);
726 3780 755 3837 p.
776 3758 832 3832 84,
855 3759 907 3822 οὓς
927 3757 1036 3831 δασμὸν
1056 3756 1174 3830 βασιλεῖ
1189 3753 1325 3831 ἔτρεφον·
1346 3767 1438 3836 aeque

340 3873 582 3950 Xenophonteum
602 3872 647 3932 est
666 3889 699 3929 ac
719 3870 860 3937 alterum3
882 3865 986 3925 horum
1006 3864 1063 3923 alin
1079 3865 1188 3923 dantur
1207 3866 1329 3925 similitu
1350 3869 1439 3932 nimis

339 3985 391 4044 ille
418 3983 598 4044 confidenter
624 3980 706 4058 ponit
733 3981 912 4039 correcunras
941 3975 1091 4034 interdum
1109 3975 1332 4048 incertissimas,
1356 3980 1440 4040 velut

338 4098 373 4154 in
392 4095 489 4154 loc'nm
508 4090 525 4150 1
547 4091 610 4151 Gor.
632 4090 688 4162 XI,
709 4087 757 4150 10.
788 4089 931 4164 Pleraque
953 4090 1052 4146 tamen
1072 4087 1166 4146 fatcor
1178 4071 1297 4162 'optima
1316 4089 1388 4147 sunt
1409 4095 1439 4148 et

383 4331 404 4402 Ι)
426 4338 516 4384 Hister·
537 4341 563 4384 ct
584 4337 652 4398 stoq.
674 4337 818 4386 Custodiam
840 4334 1079 4397 (iudendorpinnam.
1104 4347 1125 4378 s.
1149 4333 1198 4380 vu.
1221 4332 1321 4380 Ruhnk.
1343 4349 1368 4396 p·
1388 4333 1431 4380 89.
