3064 5210
330 423 370 485 10
493 449 496 457 ·
651 423 871 500 supplementa
892 421 1107 482 Aarlolalioais

330 601 468 663 sterhusii
495 603 525 660 61
549 602 580 660 t.
606 602 635 659 C.
663 600 844 660 Valckenarii
871 601 963 659 Oratt.
992 601 1085 678 Lugd.
1113 601 1176 658 Bat.
1197 599 1309 674 1784,
1336 620 1366 676 p.
1389 599 1439 675 97).

370 712 436 773 Alb.
458 710 1182 788 1616166611Α6666166661661166611161691616
1202 717 1239 768 et
1263 711 1385 770 criticis
1406 712 1440 768 all

330 823 420 882 varia
448 821 512 881 loca
539 823 648 881 ceteris
679 820 879 892 Testamenti,
910 821 1069 880 Amstelod.
1091 818 1171 880 1709
1190 819 1354 900 (Operum
1375 821 1442 880 min.

330 953 358 1009 p.
379 930 567 1010 109-361),
594 932 817 1007 gratulatoriam
845 930 997 1006 epistolam
1016 929 1165 1004 praemisit
1190 929 1443 1000 Henmterhusiua

330 1041 420 1121 (Viro
442 1041 553 1120 jaceat
577 1041 786 1100 eruditissimo
812 1045 904 1117 atque
930 1039 1154 1114 elapaatissima
1176 1037 1250 1098 Alb.
1276 1037 1443 1098 Schultess

332 1151 367 1212 P.
389 1151 421 1212 S.
444 1150 481 1234 D.
507 1150 538 1210 Τ.
560 1149 614 1230 Η.)
635 1151 712 1220 auid
728 1150 947 1210 Hemstcrhueio
965 1167 1067 1208 causae
1083 1150 1174 1208 166611
1190 1168 1251 1210 our
1270 1150 1442 1208 Litterarum

331 1261 526 1322 Orientalium
545 1259 658 1332 studia,
681 1259 788 1334 quibus
809 1261 840 1317 61
856 1259 917 1335 ipse
934 1259 1100 1336 Groningae
1115 1261 1281 1333 tantopere
1297 1259 1443 1318 excellue-

330 1374 392 1445 rat,
414 1371 619 1448 progrediente
639 1370 815 1429 6616161666
835 1371 953 1445 penitus
973 1369 1124 1444 abjecerit,
1148 1368 1191 1428 116
1211 1369 1255 1427 ut
1279 1387 1324 1427 66
1344 1369 1442 1428 11616-

330 1482 437 1542 karius
463 1481 582 1556 quidem
608 1481 771 1557 quidquam
791 1499 825 1540 ea
845 1481 881 1539 de
901 1499 933 1539 66
952 1479 1098 1538 rescivisse
1118 1479 1281 1552 videatur,
1306 1478 1443 1554 disquisi-

331 1591 376 1651 vit
396 1591 516 1650 Granius
536 1590 556 1651 1.
577 1592 596 1648 l.
617 1611 645 1666 p.
667 1589 703 1650 51
725 1610 787 1667 sqq.
808 1591 849 1648 af.
871 1591 960 1648 etiam
982 1587 1250 1648 066111Ρ6661.61
1275 1588 1438 1648 16661616.

371 1703 404 1760 P.
435 1700 482 1760 71.
514 1699 618 1779 Hajas
648 1699 813 1759 amabilem
839 1698 1092 1780 humanitatem]
1119 1698 1352 1758 Hemsterhueii
1380 1715 1439 1755 cun
1495 1688 1496 1693 ’

331 1812 475 1888 stupenda
501 1810 666 1870 eruditione
694 1811 880 1885 conjunctam
905 1809 936 1867 in
961 1808 1098 1868 familiari
1118 1810 1195 1868 vitae
1215 1807 1438 1868 consuetudine
1486 1785 1488 1836 s

332 1923 545 1982 humanitatem
572 1920 780 1997 praedicarunt
806 1918 961 1990 cumali,
988 1920 1056 1976 1666
1075 1936 1144 1978 vero
1166 1917 1315 1992 inprimis
1326 1917 1436 1976 docta

331 2032 422 2091 616666
452 2049 485 2091 co
511 2033 642 2107 tempore
666 2029 785 2105 juvenis
810 2029 843 2088 a.
864 2029 903 2086 Μ.
924 2047 981 2086 van
1002 2027 1095 2086 Goens
1115 2027 1273 2086 Ρ6661.61
1296 2026 1435 2103 Porphyr·
1491 2012 1495 2048 ²

333 2142 369 2199 de
395 2141 489 2199 Antra
515 2141 643 2216 Nymph.
670 2139 765 2212 1765,
790 2159 819 2214 p.
846 2139 969 2196 XXXII:
999 2139 1186 2211 altoreille,
1216 2157 1318 2214 quam
1339 2137 1434 2199 Lada
1495 2154 1496 2159 ¹

332 2251 403 2322 1661,
433 2250 611 2309 occasionem
636 2251 709 2308 mihi
735 2250 870 2326 praebuit
896 2249 1094 2310 familiaritate
1120 2248 1179 2307 Tib.
1202 2245 1431 2308 Hevmsterhmi

332 2364 363 2418 at
382 2361 532 2436 colloquiis
548 2359 678 2431 fruendi,
700 2360 807 2436 quibus
824 2379 870 2418 me
887 2360 972 2418 16666
988 2359 1187 2436 dignatusest
1202 2357 1249 2418 616
1267 2377 1347 2420 6666
1365 2373 1425 2418 sun·

332 2489 413 2530 mus:
436 2472 466 2529 61
485 2489 544 2530 666
564 2470 729 2528 eruditione
749 2470 832 2541 adea,
854 2489 912 2546 qua
928 2469 1076 2528 neminem
1092 2469 1148 2527 sibi
1162 2487 1265 2544 parem
1284 2465 1430 2530 hebetent

331 2579 451 2640 habebit
476 2579 572 2651 facile,
599 2599 688 2655 quam
714 2578 905 2637 humanitatis
932 2597 1018 2637 66666
1038 2578 1227 2654 spectandus:
1249 2579 1377 2655 judicia
1395 2575 1431 2649 ip

330 2707 444 2761 666666,
472 2709 531 2748 666
557 2691 635 2765 ejus,
663 2707 733 2747 nam
759 2689 855 2747 nullos
882 2687 986 2748 habuit
1013 2705 1161 2764 unquam,
1191 2688 1242 2748 sed
1275 2689 1430 2748 universae

331 2800 458 2860 66116616
484 2802 600 2858 nostrae
626 2799 820 2858 inimicorum.
852 2798 888 2857 Id
908 2797 1012 2860 161666
1032 2800 1138 2872 testor,
1158 2798 1277 2874 siquid
1301 2812 1431 2874 unquam
1490 2798 1494 2809 '

330 2911 362 2969 in
382 2929 430 2968 me
450 2910 508 2969 fuit
528 2909 643 2986 eritque
662 2909 866 2981 humanitatis,
890 2928 936 2966 me
957 2927 1043 2967 omne
1062 2908 1092 2966 id
1111 2908 1243 2984 exempla
1259 2908 1359 2985 hujus
1382 2899 1430 2965 viri

331 3021 511 3082 debiturum.
542 3021 661 3080 Utinam
679 3020 752 3092 illie,
777 3021 829 3097 qui
847 3037 960 3078 moroso
975 3037 1028 3077 suo
1046 3037 1080 3076 66
1096 3018 1208 3078 difficili
1225 3019 1353 3095 ingenio
1373 3015 1430 3074 Ha·
1494 2999 1495 3010 ¹

330 3131 424 3190 manis
443 3131 548 3191 1116616
568 3129 701 3188 dedecori
720 3132 805 3201 sunt,
826 3129 1082 3205 incomparabilem
1100 3128 1179 3186 huna
1199 3129 1300 3188 virum
1322 3127 1373 3188 661
1389 3141 1429 3184 so·
1490 3119 1495 3141 “’

330 3241 389 3299 mel
414 3240 512 3300 611666
539 3239 735 3316 contingeretl
767 3240 860 3309 Quam
886 3238 1017 3299 amabilis
1044 3241 1089 3298 est
1108 3239 1274 3298 humanitas
1295 3238 1331 3298 in
1354 3235 1428 3298 illius
1488 3222 1494 3295 ¹.

329 3369 395 3423 ore,
422 3351 474 3426 qui
500 3351 604 3410 merito
632 3349 790 3409 Oraoulum
816 3351 906 3426 hujus
933 3349 1040 3408 6666611
1065 3349 1207 3408 habetur:
1235 3369 1329 3426 quam
1349 3348 1429 3425 tcgristo

329 3461 356 3537 ej
409 3459 536 3536 judicia,
559 3478 647 3536 quam
668 3463 769 3532 66616,
790 3479 879 3536 quam
898 3461 1043 3536 sapienter
1061 3459 1193 3535 prodita,
1217 3459 1308 3518 ctiam
1326 3459 1364 3518 de
1378 3455 1426 3522 iis,

329 3590 457 3648 quorum
484 3569 641 3647 perexigua
665 3571 697 3629 in
723 3571 823 3629 literas
850 3573 919 3629 6661
940 3570 1058 3630 merita:
1087 3590 1176 3647 quam
1195 3571 1348 3647 perplacet
1368 3583 1427 3626 mo·

329 3682 438 3742 1661166
464 3682 630 3758 exemplum
654 3682 690 3741 ab
714 3681 764 3740 illo
790 3682 903 3756 petere,
932 3683 1016 3758 cujus
1043 3680 1160 3758 singula
1186 3681 1276 3741 66616
1301 3677 1424 3740 totidem

328 3795 399 3850 6661
425 3793 585 3870 sapientiae
609 3794 641 3850 61
666 3791 839 3851 eruditionis
864 3789 1032 3867 praeceptat
1071 3791 1155 3850 Dicas
1186 3791 1291 3850 duram
1318 3790 1423 3850 sortem

328 3919 430 3960 canam
454 3901 543 3978 hujus
569 3901 626 3962 viri
654 3903 835 3960 senectutem
861 3900 1010 3973 venerari,
1037 3901 1072 3959 ut
1091 3919 1144 3976 per
1164 3900 1314 3977 integram
1335 3898 1423 3956 ferme

327 4011 478 4070 saeculum
496 4013 572 4071 bono
591 4013 707 4088 publico
728 4012 825 4086 ipsum
842 4007 1083 4070 conservaverit.”
1110 4007 1153 4067 01.
1173 4023 1271 4085 porro„
1292 4025 1369 4086 quae
1387 4001 1421 4061 ad

327 4121 478 4198 Haynium
504 4122 618 4196 scripsit
641 4121 826 4191 Brundisina,
855 4120 934 4195 apud
960 4099 1138 4178 Haeremum
1165 4119 1196 4180 'm
1224 4120 1292 4179 Vita
1315 4111 1420 4194 Heynii

328 4253 356 4308 p.
377 4229 437 4289 156
457 4249 518 4306 sqq.

366 4343 398 4399 P.
425 4339 472 4398 73.
509 4339 712 4400 Gir-illelmam
740 4341 768 4397 ol
798 4339 942 4399 Caralam
972 4337 1180 4420 Beatimaloios]
1207 4333 1415 4402 morantia
