3064 5210
367 464 369 468 ι
460 423 502 481 ad
530 421 630 482 Vitam
654 422 845 483 Ralmlceaic'.
1164 421 1201 484 31

93 605 180 662 enim
200 603 280 661 haud
301 601 483 678 deprecanda
503 600 783 678 fuissetprovincia,
805 621 894 680 quam
909 601 998 662 iidem
1013 602 1077 662 Viri
1091 602 1203 674 Glarisa

91 715 171 772 mihi
193 710 422 785 demandarunt,
444 713 481 770 nt
501 713 632 771 trecenta
650 712 795 772 Marmora
810 712 967 783 Laconica,
984 711 1205 772 aFourmontio

94 845 133 883 ex
163 823 283 882 Graecia
309 823 342 883 in
370 823 545 882 Academiae
564 823 776 882 Bibliothecam
795 823 890 896 illata,
915 823 1045 894 ederem,
1069 824 1206 900 notisque

96 927 303 1012 explicarem.''
332 934 465 1010 subjecta
487 933 603 1004 statim,
624 932 788 1009 speciminis
804 933 883 1005 loco,
904 933 993 992 unius
1010 933 1207 1010 inscriptionis

96 1045 353 1120 interpretatione.
387 1043 587 1120 Similiterque
606 1042 721 1119 scripsit
740 1043 863 1102 Ernesto
884 1044 1030 1119 accepisse
1046 1044 1077 1102 sc
1093 1043 1207 1120 aliquid

97 1155 296 1213 commentari·
308 1154 341 1214 in
360 1154 506 1213 Marmora
525 1154 635 1226 vetera,
656 1153 734 1230 qnod
752 1153 931 1212 insereretur
940 1153 1207 1213 MemoriisAoade·

96 1265 176 1323 miae
195 1265 426 1341 Inscriptionum
446 1264 476 1322 'et
497 1263 711 1340 elegantiarum
730 1262 884 1320 literarum
896 1261 1081 1325 'Parisinac''
1102 1253 1208 1340 Neque

97 1377 219 1448 tamen,
249 1375 329 1452 quod
355 1374 488 1434 mandeti
514 1373 691 1449 exsequendi
720 1391 808 1432 eausa
836 1392 904 1433 mor
934 1373 1029 1432 alacer
1055 1391 1208 1450 aggressus

100 1487 168 1544 erat
195 1502 285 1562 opus,
311 1484 481 1544 aderitum
500 1483 669 1560 perduxisse
688 1480 821 1555 videtur,
843 1481 988 1560 siquidem
1006 1483 1039 1541 in
1060 1501 1209 1543 commen·

100 1594 188 1654 tariis
213 1594 386 1654 Academiae
412 1593 487 1654 nihil
512 1594 548 1653 ab
568 1594 743 1670 ejusmanu
763 1591 928 1668 profectum
946 1593 1102 1670 reperitur.
1133 1591 1209 1652 Con-

99 1705 199 1764 sultne
222 1705 379 1782 aliqnando
398 1704 452 1763 hac
473 1705 510 1762 de
529 1723 561 1765 re
582 1703 635 1762 vir
652 1702 692 1760 Ol.
703 1702 907 1761 Boissonadius
921 1702 1104 1776 Parisiensis,
1125 1701 1209 1763 brevi

99 1815 234 1891 epistolio
255 1834 282 1874 a.
302 1812 383 1874 1825
403 1815 472 1873 dato
492 1814 646 1872 certiorem
664 1831 712 1870 me
730 1810 802 1899 fecit
824 1830 872 1871 ase
891 1812 966 1871 nihil
983 1810 1020 1872 'in'
1035 1812 1209 1872 Academiae

98 1925 332 2000 Inscriptionum
348 1924 480 1983 Historia
489 1921 677 1982 etlIemoriis
691 1921 820 1998 reperire
829 1922 959 1998 potuisse
969 1923 1048 2000 quod
1059 1922 1096 1981 ad
1105 1923 1209 1982 Ruhn-

103 2032 186 2091 kenii
207 2034 392 2093 sodalitatem
410 2034 571 2110 pertineat,
592 2050 647 2092 neo
663 2031 916 2092 commentationis
932 2033 1162 2094 Rulmkenianac
1176 2033 1209 2094 in

104 2162 252 2202 marmora
273 2147 374 2205 vetera
393 2144 441 2205 vel
460 2143 616 2202 minimum
635 2145 746 2202 exstare
766 2142 953 2221 vestigium?
1165 2157 1167 2165 ’

142 2253 177 2312 Ρ.
202 2251 250 2312 74.
273 2252 372 2312 Haud
392 2251 499 2334 dubio]
515 2254 555 2312 Et
569 2252 599 2311 h.
616 2253 635 2311 l.
654 2254 685 2311 et
698 2252 777 2312 infra
791 2272 821 2329 p.
841 2252 901 2312 258
921 2252 1050 2333 (nostrae
1070 2255 1115 2330 ed.
1136 2252 1210 2335 280)

100 2362 308 2440 corrigendum
333 2362 422 2422 haaol
449 2362 558 2435 dabie,
586 2365 621 2422 ut
644 2362 715 2421 alibi
734 2363 851 2448 scripsit
870 2364 1128 2441 Wyttenbachiuc:
1149 2366 1208 2426 vid.

99 2474 208 2532 Annot.
225 2492 254 2548 p.
272 2470 329 2531 421
349 2475 380 2531 et
397 2470 467 2532 509.

140 2584 173 2641 P.
198 2581 245 2642 77.
286 2581 491 2659 Professorem
518 2583 554 2640 ia
583 2581 709 2642 Graecia
737 2582 850 2641 Litoris
877 2587 1006 2642 aovam'
1019 2602 1056 2642 ao
1079 2583 1207 2666 radam]

103 2691 175 2761 Quis
194 2692 378 2770 significetur
394 2713 489 2769 quum
505 2693 696 2768 probabiliter
710 2694 842 2752 constare
856 2692 1006 2767 videatur,
1027 2694 1146 2754 nomine
1161 2695 1207 2754 in-

105 2801 227 2862 dicando
247 2802 496 2878 supersedendum
516 2802 683 2862 censuimus
698 2802 808 2862 Annot.
829 2822 859 2878 p.
878 2793 953 2875 423,
976 2806 1006 2861 et
1026 2803 1121 2864 adhuc
1138 2823 1208 2865 oen·

105 2929 211 2972 semus.
253 2912 380 2972 lollium
399 2931 418 2970 a
436 2912 661 2989 Wyttenbachio
680 2912 768 2990 nullo,
782 2912 868 2972 modo
886 2911 1046 2990 significari
1063 2913 1206 2991 potuisse,

106 3022 215 3097 quippe
236 3021 305 3098 qni,
325 3022 520 3083 llarderovico
539 3023 790 3082 Amstclodamum
809 3025 943 3095 vocatus,
964 3041 1018 3084 neo
1035 3041 1207 3100 novusprc-

104 3131 193 3190 fossor
214 3133 277 3190 crat
295 3133 326 3192 ct
342 3132 565 3208 Wyttenhachio
581 3133 662 3192 hand
675 3133 812 3210 ingratus
826 3134 938 3212 collega
952 3133 1027 3207 fuit,
1047 3135 1207 3195 rectissime

103 3239 217 3300 monuit
236 3240 401 3317 honnepius
421 3241 458 3300 ad
480 3240 649 3303 Orationem
671 3261 756 3302 suam
781 3244 973 3318 saeculamm,
1003 3244 1036 3304 in
1062 3245 1206 3307 Athenaei

101 3350 258 3412 Amstelod.
278 3351 434 3411 Memorab.
455 3372 484 3428 p.
504 3351 574 3412 268.

139 3460 172 3519 P.
192 3459 242 3520 84.
264 3459 310 3520 De
329 3479 392 3538 aaa
413 3461 590 3523 lite-noa
605 3468 649 3523 ast
664 3463 850 3542 qaodplara
861 3463 1017 3548 dicamas]
1033 3466 1206 3526 DeGesneri
1274 3509 1276 3516 ⁴

101 3571 132 3631 in
151 3571 347 3648 Scriptoribns
366 3571 411 3632 rei
430 3567 558 3634 rusticae
576 3574 695 3634 edendis
715 3593 783 3633 cum
803 3575 1060 3642 JulioPontedera
1072 3577 1141 3648 lite,
1162 3575 1206 3634 la-
1331 3569 1334 3578 ⁴

102 3683 187 3757 gatar
207 3681 328 3742 Gesneri
347 3683 524 3761 Biographia
542 3683 631 3743 Acad.
648 3685 700 3744 ed.
720 3684 874 3762 Eyringio,
896 3686 959 3747 Vol.
980 3686 1037 3745 III.
1057 3706 1087 3762 p.
1105 3684 1205 3744 347-

103 3788 169 3848 350.
200 3791 361 3851 Gesnerum
386 3794 488 3852 acerbe
516 3794 604 3870 petiit
631 3795 794 3854 Pontedera
818 3795 850 3854 in
869 3795 992 3874 Aattpq.
1014 3795 1204 3854 Latinarum

59 3985 63 3992 Ι
104 3897 355 3978 Graecarumque
374 3907 512 3962 enarrat.
533 3903 635 3964 Patav.
656 3903 751 3974 1741,
773 3905 827 3980 Ep.
848 3904 930 3964 LIII.
961 3905 1137 3965 Humaniter
1155 3925 1204 3966 re-

100 4009 215 4086 spondit
243 4011 388 4072 Gesnerus
410 4013 443 4072 in
461 4014 515 4090 Ep.
537 4014 574 4074 ad
594 4013 753 4088 licinium,
782 4015 910 4074 Lucieno
930 4016 1101 4090 praemissa,
1123 4016 1155 4078 T.
1176 4017 1202 4076 Ι.

101 4139 127 4196 p.
153 4119 371 4180 xxa-xxx.
396 4141 499 4182 rausa
526 4103 635 4200 'apua
655 4115 736 4184 'mn
768 4125 799 4184 r.
825 4124 883 4183 111.
909 4144 937 4200 p.
959 4123 1019 4185 aa
1046 4145 1108 4204 sqq.
1136 4128 1203 4186 na

101 4229 231 4308 apologia
249 4234 344 4292 exstat
363 4232 395 4292 in
415 4233 497 4294 Actis
517 4233 608 4294 Erud.
629 4234 705 4312 hips.
727 4233 822 4309 1743,
843 4253 884 4293 m.
903 4233 974 4311 Apr.
997 4237 1027 4294 et
1048 4237 1127 4312 Maji.
1256 4243 1262 4256 ·

138 4339 272 4417 P.85sq.
297 4341 337 4400 la
345 4342 874 4424 poriarticarecoraditioaiacopia]
892 4344 1201 4405 Restituendumaai-
