3074 5202
453 413 496 473 ad
521 409 621 474 Vllum
648 413 879 493 Wyttecbacbii.
1172 413 1212 474 99

102 611 140 667 p.
162 587 235 671 190)
261 590 307 650 bis
332 591 468 669 deinceps
494 611 614 652 recusus
641 595 686 654 est
711 589 849 671 Lugduni
876 591 978 654 Batev.
999 592 1078 670 apud
1097 594 1209 654 Lucht-

106 702 240 762 mansos
254 721 280 761 a.
297 699 377 761 reso
392 704 423 762 a
434 701 527 777 isse,
541 703 632 762 semer
647 703 761 780 mpero
770 703 919 763 sumtibus
929 685 1119 779 maman,
1129 703 1209 764 iser

108 809 188 888 (qua
208 811 244 870 da
263 830 296 871 re
314 812 373 873 sid.
394 814 493 872 annot.
514 813 552 872 ad
568 813 666 873 Vitam
681 813 774 874 Bossii
793 834 822 890 p.
843 809 903 892 81),
924 831 1004 873 nnnc
1019 813 1069 874 vix
1086 813 1211 891 amplius
1261 895 1263 899 ,

107 920 146 978 in
167 939 233 979 usu.
260 921 318 980 Pro
337 922 476 999 exemplis
495 922 611 982 muneri
630 924 755 998 acceptis
773 922 996 1000 wyttenbachio
1015 924 1125 1002 graaim
1141 940 1224 1001 ege-¹

107 1032 189 1089 runt
207 1030 240 1088 F.
261 1029 295 1120 G
315 1031 457 1090 Poetelius
477 1033 508 1090 et
526 1031 559 1091 B.
581 1031 703 1091 Voorda.
734 1031 820 1092 Illius
837 1033 893 1093 hac
912 1035 983 1092 sunt
1003 1032 1122 1095 literas:
1223 1059 1225 1065 ·

427 1235 435 1249 ·
537 1221 589 1280 Vir
611 1220 795 1281 clarissime.
833 1177 835 1184 Ι
897 1280 902 1290 ,

155 1359 409 1419 Jucundissimum
429 1361 501 1420 mihi
521 1363 565 1420 est
581 1381 705 1434 munus,
723 1381 781 1439 quo
799 1381 846 1421 me
861 1382 956 1438 nuper
971 1363 1100 1435 donasti,
1121 1361 1211 1438 idque
1234 1435 1240 1448 ι

111 1471 148 1528 et
169 1469 361 1529 humanitatis
385 1471 464 1530 'l'uee
484 1472 693 1530 documentum
717 1474 747 1530 et
767 1472 986 1532 benevolentiae
1006 1472 1085 1532 Tuae
1104 1471 1212 1548 pignus
1242 1477 1245 1484 ’

113 1579 282 1657 gratissime
307 1580 491 1657 interpretor.
513 1581 651 1640 Gratulor
670 1581 734 1640 Tibi
755 1599 788 1640 ac
809 1581 894 1641 valde
914 1581 1043 1658 gaudeo,
1064 1581 1119 1641 baa
1138 1599 1212 1657 quo·

115 1707 175 1764 que
200 1691 376 1765 tempestate
403 1690 469 1748 Tibi
495 1691 663 1768 contingere
686 1691 833 1769 gregales,
855 1690 907 1767 qui
928 1691 1096 1769 dignoscere
1116 1691 1212 1762 cauti,

115 1799 191 1875 quid
207 1799 317 1858 distent
332 1819 400 1858 aera
415 1799 544 1877 lupinis,
565 1800 711 1860 assiduam
729 1799 794 1859 Tibi
810 1800 921 1878 optime
936 1819 1069 1877 quaeque
1082 1800 1212 1872 docenti,

114 1910 315 1988 frequentiam
332 1910 500 1986 praebeant.
530 1911 573 1969 De
593 1911 700 1988 quibus
720 1929 801 1987 spem
817 1909 897 1968 haud
913 1910 1008 1970 levem
1024 1910 1128 1970 merito
1144 1928 1216 1969 con-

117 2021 206 2097 cipis,
225 2019 379 2078 maturiori
397 2022 493 2080 aetate
513 2039 561 2080 cos
580 2020 711 2093 futuros,
735 2040 808 2099 quos
828 2020 997 2097 disciplinae
1018 2020 1098 2080 Tuae
1118 2021 1215 2079 alum-

117 2149 172 2191 nos
199 2129 302 2189 lubens
328 2130 399 2188 olim
419 2149 568 2208 agnoscas,
592 2133 622 2189 et
642 2150 769 2207 quorum
789 2151 824 2189 ex
844 2130 1009 2191 eruditione
1030 2148 1063 2189 ac
1083 2130 1215 2190 sensibus

115 2239 249 2316 judicari·
269 2240 349 2300 haud
374 2258 498 2299 recuses.
530 2241 594 2310 Qua
620 2240 765 2300 suamtate
789 2241 886 2314 nulla,
907 2243 944 2300 ut
963 2240 1080 2317 opinor,
1103 2240 1214 2299 doctori

119 2352 201 2410 recte
220 2350 357 2410 sentienti
377 2349 539 2426 exoptatior
558 2351 695 2411 obvenire
715 2353 822 2427 potest.

157 2460 315 2520 Pulchram
333 2459 401 2522 libri
421 2460 477 2518 'l'ni
497 2459 707 2536 praefationem
725 2460 842 2520 intenta
861 2462 960 2520 mente
981 2477 1014 2518 ac
1034 2459 1100 2536 pari
1120 2461 1214 2518 totum

122 2589 188 2630 cum
205 2571 360 2647 voluptate
378 2569 478 2648 relegi·
508 2570 691 2647 Perplacuit,
712 2571 791 2649 quod
810 2571 966 2643 monuisti,
988 2570 1092 2630 ardens
1111 2571 1215 2642 Poetae

122 2680 237 2760 legendi
257 2683 287 2740 et
306 2681 469 2741 admirandi
488 2681 621 2741 studium
640 2682 719 2741 haud
738 2683 893 2743 convenire
909 2682 1021 2758 primae
1037 2681 1142 2755 aetati,
1164 2681 1216 2741 red

118 2809 187 2850 cum
206 2790 297 2867 hujus
316 2792 450 2865 intersit,
477 2793 513 2850 ut
532 2794 600 2850 ante
621 2792 718 2850 omnia
738 2792 829 2852 discat
848 2810 947 2868 sapere
968 2793 999 2850 et
1017 2791 1090 2865 fari,
1112 2791 1216 2851 aion·

118 2900 200 2960 tibus
220 2901 284 2960 sani
301 2901 404 2978 judicii
423 2919 582 2978 rerumque
598 2919 668 2961 usus
684 2901 883 2960 conformandi
898 2900 1213 2978 incipiendumvideri.

119 3012 212 3088 Saepe
237 3011 496 3082 animadvertitur,
516 3011 680 3092 ¹Poetarum
699 3011 910 3088 recentiorum,
933 3029 1070 3071 eorumve
1090 3011 1214 3087 scripto·

118 3139 201 3194 rum,
223 3121 276 3198 qui
294 3139 379 3197 prosa
398 3121 528 3180 oratione
544 3124 662 3180 utentes
677 3121 789 3198 poetice
804 3121 942 3197 loquendi
958 3121 1067 3179 famem
1077 3122 1214 3197 captant,

119 3231 230 3291 fabulis
249 3231 408 3291 ediscendis
426 3231 640 3308 recitandisque
661 3231 856 3307 splendidiora
875 3249 993 3308 quoque
1012 3230 1132 3308 ingenia
1151 3247 1217 3290 cor·

120 3341 237 3418 rumpi,
268 3341 406 3400 orationis
432 3341 542 3400 tumori
569 3341 685 3400 cuidam
712 3341 894 3412 adsuescere,
923 3338 1029 3398 deinde
1056 3338 1094 3398 ad
1118 3341 1218 3399 tume-

120 3451 233 3513 scentia
259 3451 378 3511 consilia
403 3453 433 3510 et
452 3454 570 3524 conata,
592 3450 623 3512 vi
642 3450 811 3527 phantasiae
831 3448 954 3508 infinitis
973 3449 1150 3527 imaginibus
1169 3449 1219 3510 in·

119 3565 221 3624 llatae·
234 3562 312 3639 rapi,
332 3564 369 3620 ut
388 3562 537 3638 quaesibi
557 3560 638 3620 factu
658 3561 798 3620 facillima
817 3561 949 3637 lingunt,
970 3579 1005 3618 ea
1020 3561 1084 3636 jam
1102 3578 1133 3619 sc
1151 3579 1218 3618 ma-

121 3673 210 3733 nibus
244 3674 345 3730 tenere
378 3671 434 3730 sibi
462 3671 674 3748 persuadeant,
703 3689 757 3729 nec
786 3669 844 3730 nisi
872 3687 936 3729 sero
964 3670 996 3728 in
1025 3669 1213 3747 sigilantium

122 3783 236 3843 somnia
252 3801 282 3841 se
301 3782 436 3841 incidisse
456 3773 592 3841 sentiant.

162 3892 338 3968 Scriptores,
358 3909 430 3969 quos
442 3892 596 3968 juventuti
611 3892 715 3964 tradis,
737 3890 894 3968 diligenter
909 3889 1025 3967 legendi
1043 3889 1214 3950 etiammihi

122 4003 336 4063 commendatio
355 4007 409 4062 tua
427 4006 458 4060 ct
481 4004 620 4079 expositio
636 4020 742 4063 novam
758 4001 929 4061 ruditatem
946 3999 1078 4060 incussit.
1098 4000 1217 4060 Etenim

122 4115 184 4174 otio
208 4115 325 4190 practer
349 4113 591 4190 exspectationem
616 4112 688 4171 mihi
706 4112 840 4188 injuncto
858 4107 882 4190 ¹)
902 4110 943 4170 sic
962 4109 1060 4182 fruor,
1081 4113 1118 4170 ut
1137 4129 1215 4170 nun-

125 4247 321 4264 m

167 4321 190 4398 ¹)
207 4331 339 4388 Poetelius,
351 4331 443 4395 qnippe
456 4329 562 4394 partium
574 4329 771 4386 Arcusi'ncarutn,
784 4344 812 4376 eo
825 4335 935 4393 tempore
949 4342 1051 4376 strauere
1064 4333 1216 4378 incluserat.
