3064 5210
452 439 494 498 od
514 439 657 516 Elopiaat
678 439 911 498 Hcmstcrhaaii.
974 453 977 455 ’
1078 523 1080 528 Ι
1211 436 1230 498 9

136 617 243 678 unicus
266 620 298 678 a
322 637 374 678 suo
392 637 507 696 'genae
531 589 714 696 ammarum
734 618 927 676 Orientalium
947 618 1047 678 cocta
1072 617 1230 679 aeremia.

135 730 227 788 simm
246 728 388 788 libiorum
403 728 614 787 Hebraicorum
630 747 699 786 surae
717 729 821 787 aetatis
837 728 989 787 hominum
1008 728 1230 787 admirationem

135 838 269 899 moverit.
298 839 431 897 Primum
451 839 553 900 debuit
572 839 664 897 amico
685 837 899 910 Schultansius,
923 840 959 896 ut
978 837 1072 897 severi
1092 837 1229 915 Theologi
1303 899 1305 903 ,

134 948 261 1008 vacuas
284 947 477 1007 humanitatis
503 967 600 1007 amore
627 947 748 1006 minimo
774 946 890 1024 vulgari
920 947 1143 1022 temperaverit,
1171 967 1230 1024 qua

135 1058 168 1117 in
197 1075 260 1130 re,
276 1057 353 1117 sicut
382 1058 567 1132 emditionis,
597 1059 750 1117 haeredem
778 1057 883 1116 habuit
911 1057 1056 1116 Joaunem
1084 1057 1230 1117 iacobum

134 1167 230 1226 filium
258 1168 390 1226 amicum.
420 1169 531 1228 Deinde
557 1169 701 1228 monitore
728 1167 946 1228 Hemstenhusio
974 1167 1174 1227 schultensius
1193 1168 1229 1226 in

133 1278 253 1338 intimos
275 1277 441 1354 penetravit
461 1281 492 1338 et
512 1279 601 1338 altius
622 1279 731 1352 multo,
753 1297 849 1354 quam.
864 1277 995 1336 fecerant
1011 1276 1136 1353 priores,
1158 1277 1228 1336 Lin-

134 1407 261 1466 guarum
292 1405 434 1447 recessus:
471 1389 525 1448 hac
551 1389 641 1447 etiam
667 1389 700 1448 in
725 1391 808 1464 parte
837 1387 868 1447 vi
897 1387 1010 1464 ingenii
1035 1387 1124 1464 paulo
1154 1405 1227 1448 nou-

133 1517 297 1574 numquam
323 1498 410 1556 altius
429 1501 598 1573 provectus,
626 1517 714 1574 quam
735 1498 772 1555 ad
791 1497 1007 1573 Philosophioae
1027 1497 1160 1558 veritatis
1179 1515 1225 1556 se-

135 1625 234 1667 veram
253 1609 385 1686 regulam
404 1609 524 1666 duceret
542 1607 789 1667 Hemsterhusius.
856 1653 859 1660 a

176 1717 251 1787 »Qui
271 1718 331 1776 fuit
348 1719 426 1776 inter
440 1737 546 1794 pueros
566 1719 597 1776 et
612 1719 736 1793 juvenes
754 1717 961 1776 familiaritatis
971 1735 1056 1788 usus,
1077 1718 1226 1782 nullanu-

133 1846 224 1904 quam
243 1827 405 1900 simultate,
425 1827 477 1886 sed
495 1828 626 1886 locorum
643 1844 873 1902 nonnunquam,
893 1827 926 1884 in
945 1827 1052 1902 quibus
1072 1827 1226 1899 docebant,

130 1939 317 2012 interruptus
341 1937 401 1994 fuit
416 1936 643 2012 intercapedine.
671 1937 887 2012 Frenaqueram
906 1937 1121 1998 Amstelodamo
1141 1955 1225 1996 voca·

135 2048 184 2103 tus
203 2045 454 2118 Hemsterhusius,
476 2046 589 2105 invenit
604 2046 664 2106 illic
681 2046 895 2104 Schulteusium
911 2063 1006 2105 suum.
1034 2047 1090 2106 llio
1106 2047 1226 2106 Leidam

135 2156 254 2213 vocatus
279 2154 371 2213 amieo
396 2173 448 2213 suo
473 2158 636 2230 praesente⁴
652 2155 712 2213 frui
734 2157 803 2213 ante
822 2175 883 2214 non
902 2156 1015 2230 potuit,
1037 2175 1126 2232 quom
1145 2157 1226 2215 locus

134 2257 166 2322 in
185 2264 342 2321 Academia
361 2268 492 2336 vacaret,
512 2266 565 2340 qui
584 2265 647 2322 dari
671 2267 771 2323 tamen
791 2268 1022 2341 ente'potucrat.
1053 2267 1160 2325 lucidae
1177 2287 1227 2328 vc-

131 2376 182 2432 tus
201 2372 330 2431 amicitia
348 2373 409 2431 fnit
427 2374 629 2451 redintegrata
642 2376 737 2450 »atquc
755 2374 792 2431 ad
810 2373 898 2432 finem
914 2393 1007 2450 usque
1027 2375 1105 2436 vitae
1126 2377 1228 2436 Schul-

38 2493 41 2504 '
130 2482 218 2540 tensii
235 2483 447 2558 jucundissime
468 2485 556 2542 culta.
579 2483 636 2552 aui
655 2483 766 2540 Jobum
785 2483 921 2559 legerunt
941 2484 1117 2544 Schulteusii
1134 2486 1228 2546 admi-

131 2591 258 2651 rabundi
278 2593 428 2670 agnovisse
448 2593 502 2652 sibi
525 2594 580 2652 visi
601 2595 721 2652 suntin
742 2581 901 2658 Salomonis
921 2595 1083 2655 Proverbiis
1101 2597 1227 2654 amioum

131 2706 314 2780 praesentem
341 2703 562 2763 Hemsterhusii.
601 2705 656 2761 Par
676 2704 751 2761 illud
770 2704 922 2762 hominurn
943 2705 1128 2778 admirabile,
1149 2707 1228 2781 quod

130 2817 216 2892 grata
235 2813 388 2888 posteritas
407 2814 502 2891 dignis
521 2815 657 2872 laudibus
678 2815 796 2887 evehat,
815 2814 953 2891 Lugduni
973 2815 1151 2874 Batavorum
1167 2816 1227 2875 fne-

131 2923 266 2998 quenter.
277 2941 337 2980 una
355 2922 624 3011 philosophabatur,
646 2923 731 2982 credo
748 2923 884 2999 equidem
896 2925 1124 3000 jucundissimos
1141 2927 1225 2984 ambo

131 3032 206 3089 soles
232 3031 405 3104 condidisse,
432 3033 541 3107 quibus
565 3034 625 3092 sive
652 3032 712 3092 soli'
725 3034 786 3093 sive
807 3052 875 3092 cum
895 3035 941 3092 sui
962 3035 1104 3094 similibus
1125 3008 1225 3112 llagae

132 3158 250 3216 quoque
276 3140 422 3199 Comitum
445 3160 655 3218 nonnunquam
675 3144 711 3200 de
731 3144 817 3200 rebus
838 3143 974 3202 hannanis
995 3145 1025 3201 et
1045 3142 1152 3204 divinis
1171 3164 1224 3221 pro

131 3263 186 3309 sua
205 3251 328 3327 quisquc
345 3250 488 3326 sapientia
507 3252 643 3311 amabiles
663 3253 752 3310 ctiam
769 3253 907 3312 convivae
923 3253 1090 3312 hominibus
1108 3253 1141 3314 in
1157 3255 1226 3315 luce
1332 3316 1336 3324 ,

131 3360 315 3420 versantibus
332 3379 348 3417 e
368 3360 505 3435 primaria
524 3362 676 3422 nobilitate
696 3363 841 3434 doctores,
859 3363 883 3421 si
902 3363 967 3438 quis
986 3365 1029 3422 ita
1048 3363 1136 3436 velit,
1158 3385 1226 3424 um-

131 3470 235 3530 bratici
254 3469 559 3546 philosophabantur.’'

168 3580 282 3649 Quibus
301 3580 501 3658 adjungantur
519 3600 595 3657 quae
615 3583 647 3640 in
665 3582 810 3642 Orationis
826 3583 1008 3662 inauguralis
1024 3584 1173 3644 Leidensis
1187 3585 1226 3642 de

131 3691 309 3750 literarum
327 3692 552 3750 humaniorum
565 3692 676 3750 studiis
687 3693 729 3751 od
739 3711 837 3752 mores
847 3695 1056 3754 emendandos
1065 3695 1225 3770 conferen-

131 3797 178 3855 dis
189 3799 309 3874 epilogo,
321 3800 537 3858 Schultcnsium
547 3801 705 3878 alloquens,
717 3802 809 3862 fessus
820 3802 1124 3864 estHemsterhusius:
1144 3785 1226 3865 »Ho'c
1247 3835 1249 3842 v

131 3907 225 3966 dicere
245 3910 316 3968 mihi
337 3910 511 3986 publiceque
531 3910 661 3985 profiteri
681 3913 796 3985 licebit,
827 3913 985 3971 amicitiam
1005 3919 1150 3988 nostram,
1172 3935 1225 3976 na-

129 4021 212 4077 turae
236 4019 363 4095 quadam
390 4039 423 4077 ac
450 4020 616 4079 studiorum
643 4023 835 4081 similitudino
863 4024 994 4099 aprima
1013 4044 1107 4101 usque
1127 4027 1225 4086 adole-

128 4129 237 4186 scentia
263 4129 510 4206 conglutinatam,
539 4136 571 4187 et
588 4131 700 4189 inutuis
721 4133 820 4190 officiis
845 4151 1018 4210 summaque
1038 4136 1225 4196 voluntatum

128 4239 280 4298 eoncordia
314 4240 456 4314 perpetuo
494 4241 618 4314 cultam,
648 4244 709 4299 tam
739 4246 837 4300 sancte
866 4244 1045 4316 constitisse,
1080 4248 1115 4304 ut
1148 4265 1225 4306 nuu-

129 4363 216 4424 quam
246 4350 328 4416 nobis
356 4348 386 4407 in
413 4350 538 4425 gratiam
562 4345 656 4410 redire
676 4351 767 4411 fuerit
788 4352 930 4414 neccssc.''
952 4353 1029 4433 (Vid.
1052 4354 1113 4414 Tib.
1135 4356 1224 4415 Hem·
