3064 5210
369 407 412 467 dd
653 382 657 390 ’
692 389 914 483 supplemata
934 396 1152 466 Anbotatiooris

371 605 454 646 mum
473 584 625 648 11111110
647 584 727 644 edita
745 585 778 644 in
798 585 1013 661 supplementis
1032 586 1230 662 Epistularum
1253 583 1425 644 Ruhnkenii
1441 592 1462 642 et

370 696 589 775 Wyttenbaehii
609 695 802 776 (negusar.
822 693 928 772 1817),
949 715 978 771 p.
999 695 1092 774 ttdsq.
1113 696 1238 767 iterum,
1259 715 1300 755 ex
1315 696 1389 772 ipsis
1404 695 1462 752 Mat

369 805 450 866 thaei
469 805 562 866 literis
581 805 738 882 paululum
758 803 951 881 amplificata,
973 825 990 864 a
1010 805 1110 866 Geelio
1129 806 1256 882 repetita
1277 808 1329 864 est
1349 803 1462 862 indata

370 916 437 995 logo
462 917 619 977 Librorum
643 915 910 992 manuscriptorum
936 915 1151 990 Bibliothecae,
1178 913 1363 974 11101851
1389 900 1480 982 edito*

370 1027 419 1085 N0.
447 1026 502 1101 22,
528 1047 558 1104 p.
586 1024 619 1098 93
647 1025 774 1102 denique
801 1045 819 1084 1
846 1025 953 1086 Gobeto
977 1026 1071 1085 relata
1090 1027 1295 1103 Mnemosynes
1319 1023 1384 1084 1.1.

409 1135 504 1196 Missis
523 1136 603 1208 aliis,
625 1136 677 1211 qui
697 1135 767 1196 inde
786 1154 804 1193 a
823 1134 993 1194 Ruhnkenii
1009 1138 1106 1194 aetate
1121 1136 1154 1194 in
1169 1134 1298 1212 Hymnis
1317 1133 1463 1194 Homericis

369 1248 422 1306 aut
447 1247 584 1306 omnibus
611 1248 665 1304 aut
683 1245 806 1323 singulis
826 1245 1009 1304 recensendis
1029 1246 1137 1306 versati
1157 1249 1244 1317 sunt,
1265 1262 1382 1322 eosque
1401 1261 1462 1302 eom-

368 1357 521 1416 mentariis
543 1356 605 1416 suis
623 1357 684 1418 sive
704 1358 848 1415 ornarunt
867 1355 929 1416 eive
949 1357 1122 1428 onerarunt,
1143 1354 1332 1436 unnsnobis
1353 1369 1461 1413 eomme

369 1466 528 1525 morandus
548 1468 592 1526 est
611 1466 658 1526 vir
677 1466 862 1526 doetissimus
882 1464 922 1524 H.
945 1463 1108 1542 Hiqnord,
1132 1465 1302 1524 Literanrm
1314 1463 1462 1522 'hnmanio

369 1593 437 1636 rum
454 1576 563 1635 Doetor
578 1578 609 1634 et
625 1575 773 1635 meeseor
788 1573 928 1652 Lugduni
943 1576 975 1634 in
991 1574 1085 1635 Gallio
1096 1573 1219 1656 (Lyort).
1239 1573 1284 1646 Is,
1306 1571 1462 1648 inHymnis

368 1685 529 1745 Homericis
555 1686 737 1745 illustrandis
763 1687 938 1762 oeeupatus,
969 1689 1039 1745 ante
1065 1686 1179 1763 aliquot
1199 1701 1292 1744 annos
1312 1684 1349 1742 in
1370 1681 1462 1742 Biblio-

367 1795 453 1854 theca
468 1796 739 1880 lauduno-Batava
755 1795 817 1872 ipse
833 1795 967 1854 Oodieem
983 1796 1126 1873 inspexit,
1143 1794 1223 1856 unde
1237 1794 1298 1853 dno
1308 1793 1358 1852 illi
1367 1789 1461 1868 Hymni

366 1905 497 1982 primum
515 1907 548 1966 in
568 1907 665 1966 luoem
683 1907 871 1982 prodierunt,
892 1907 923 1964 et
942 1905 1083 1964 Matthaei
1102 1906 1185 1965 datas
1204 1905 1241 1963 ad
1260 1901 1460 1963 Ruhnkeniuu
1480 1919 1481 1922 ¹

366 2015 466 2076 literas
486 2016 643 2075 consuluit.
668 2016 795 2075 Domum
813 2015 922 2087 redux,
942 2015 1026 2076 brevi
1045 2003 1111 2091 post
1128 2014 1282 2093 egregium
1300 2013 1459 2073 (11111111-

366 2127 507 2202 gumento
528 2144 601 2200 opus
619 2126 730 2202 publici
742 2125 821 2202 juris
836 2125 921 2198 feeit,
944 2125 1052 2184 Galliae
1071 2125 1229 2200 seriptum:
1252 2122 1315 2182 Des
1334 2121 1457 2199 Hymen

368 2233 587 2311 Homeriques,
615 2240 668 2296 ete.
695 2234 802 2307 Porio,
827 2233 1037 2307 1111111,
1066 2233 1219 2311 etLyon,
1243 2226 1455 2305 11111861.

367 2345 399 2404 n
416 2363 487 2420 quo,
510 2363 578 2404 eum
596 2346 632 2404 ae
649 2345 753 2404 censs
768 2346 893 2423 symma
908 2325 1070 2404 nemetes
1086 2344 1170 2404 toea
1189 2346 1220 2402 er
1233 2343 1390 2421 ngenaee
1400 2339 1454 2416 egit,

366 2457 433 2514 tum
452 2454 489 2512 de
509 2455 664 2533 utriusque
684 2455 795 2533 Hymni
815 2456 951 2527 invento,
978 2455 1172 2528 editionibus,
1192 2450 1455 2514 commentatoribus

367 2566 397 2622 et
423 2562 633 2640 interpretibus
659 2565 691 2624 in
715 2565 804 2625 variis
824 2564 914 2624 etiem
933 2564 1143 2624 recentioribus
1162 2563 1273 2641 linguis
1292 2564 1368 2622 data
1387 2575 1454 2636 open

364 2788 524 2860 oooupant,
544 2785 700 2845 indicando
721 2804 848 2844 errorem
868 2786 997 2846 modeste
1016 2787 1131 2844 notans.

404 2896 437 2954 P.
458 2893 527 2954 181.
556 2894 618 2956 Sed
641 2895 766 2967 incidit,
795 2913 874 2972 quae
903 2913 977 2954 eum
1003 2895 1042 2954 ab
1068 2899 1203 2971 utraque
1225 2894 1261 2952 tu
1277 2896 1451 2970 perpetuum

363 3003 570 3078 abalienaret,
591 3003 742 3085 offensio]
762 3005 999 3064 Hemeterhusius
1017 3021 1222 3082 enumquam,
1243 2999 1452 3063 utmododim

363 3115 410 3172 rat
431 3115 688 3192 Wyttenbaehiue,
712 3113 905 3192 Optimatum
921 3119 1035 3176 sectam
1050 3113 1240 3190 probaverit,
1263 3114 1352 3190 eique
1371 3129 1401 3171 se
1415 3105 1451 3166 11·

363 3223 486 3298 dixerit,
512 3226 617 3285 merito
645 3225 780 3310 dubitare
805 3226 923 3286 videtur
951 3218 1086 3298 Granius,
1114 3244 1183 3283 eum
1203 3224 1301 3301 potius
1323 3219 1451 3300 perpetuo

364 3332 607 3396 Nassoviourum
631 3336 774 3414 portium
800 3335 891 3395 fuisse
917 3335 1087 3394 existimans
1117 3333 1399 3414 (Bijzonderheden
1424 3323 1450 3384 11

362 3443 485 3522 familie
509 3443 723 3504 Hernsterhuis
746 3444 860 3523 betreff.
888 3445 928 3503 bl.
955 3443 995 3504 68
1023 3464 1061 3504 en
1086 3447 1142 3524 r.);
1168 3445 1248 3504 unde
1275 3445 1370 3504 etiam
1389 3437 1451 3499 areta

362 3556 427 3631 ejus
453 3573 522 3613 eum
549 3553 705 3614 Guilielmo
725 3555 782 3627 IV,
808 3555 1012 3630 Franequerae
1031 3555 1197 3615 studiorum
1218 3573 1305 3614 causa
1325 3549 1450 3630 degente

361 3667 462 3742 postea
491 3665 582 3724 totius
611 3665 789 3741 reipublioae
819 3665 1039 3738 Gubernatore,
1075 3663 1272 3724 necessitudo·
1288 3659 1451 3738 intelligitu1

264 3777 267 3784 ’
362 3775 434 3855 (vid.
462 3776 532 3835 ibid.
551 3796 581 3852 p.
603 3774 657 3848 75,
685 3772 766 3855 138).
798 3775 840 3834 De
860 3775 943 3853 gravi
963 3775 1019 3833 ista
1040 3776 1067 3835 ei
1087 3795 1104 3834 a
1123 3775 1298 3853 Magistratn
1319 3767 1450 3833 11111110·

362 3883 493 3944 damenai
519 3887 601 3946 illata
626 3885 794 3966 offensione
821 3886 1009 3945 conferantur
1029 3905 1104 3963 quae
1124 3885 1278 3946 annotavit
1297 3877 1449 3956 nennepius

362 3995 399 4054 ad
419 3996 562 4056 Athenaei
581 3997 857 4056 Amstelodamensis
873 3998 1029 4056 Memorab.
1050 4017 1080 4072 p.
1097 3994 1170 4069 167,
1192 3988 1449 4072 ejusdemqueorr

362 4105 405 4165 tio
425 4107 580 4166 saecularis
599 4127 628 4184 p.
649 4105 717 4166 181.

404 4215 539 4276 Ceterum
565 4236 626 4277 non
652 4218 721 4276 satis
747 4217 937 4294 perspicuum
964 4219 1022 4291 est,
1052 4216 1124 4294 quid
1151 4216 1206 4276 sibi
1232 4215 1304 4278 velit
1322 4209 1402 4274 istud
1420 4199 1447 4264 11

364 4331 510 4404 utruque,
538 4327 682 4402 siquidem
702 4347 809 4424 quum,
838 4331 874 4386 ut
894 4327 1003 4405 legitur
1022 4348 1049 4404 p.
1072 4326 1147 4399 180,
1170 4327 1244 4386 duae
1263 4327 1358 4386 essent
1377 4323 1406 4380 iu
1425 4329 1446 4372 11
