3064 5210
452 444 493 501 od
521 443 619 502 Vitoou
641 440 829 500 Rulioilveoiii.
906 529 908 533 ,
1151 441 1191 498 55

134 627 170 684 P.
183 623 252 683 tot.
268 620 355 696 Quod
364 639 461 699 supro
470 621 539 681 diei
549 621 587 680 de
596 621 783 682 adversariis
789 621 890 698 patria
899 651 938 662 —
948 618 1078 677 biblioth.
1092 618 1190 694 Luqd.

85 733 247 815 bestoliae]
268 733 334 792 Huc
353 733 517 810 pertinent,
539 751 613 808 quae
632 730 857 808 wyttenbachio
877 729 991 804 scripsit
1001 729 1192 788 Ruhnkenius

86 845 133 904 23
154 845 239 903 Febr.
260 839 356 915 1791,
377 863 406 918 p.
427 841 481 901 69:
504 843 587 901 aldes.
607 841 933 899 Hemaierhusianorum
952 840 1055 898 melior
1074 858 1140 914 pars
1160 839 1192 897 in

86 959 225 1014 nostram
252 952 465 1030 Bibliothecam
494 951 640 1028 migravit.
677 952 780 1009 Plures
810 951 910 1012 tamen
929 950 998 1008 libri
1019 951 1082 1024 ejus
1101 968 1192 1006 manu

89 1066 192 1125 notati
218 1063 381 1126 venditioni
407 1063 531 1138 expositi
557 1063 641 1133 sunt,
666 1062 728 1121 sive
751 1061 818 1133 filii,
847 1061 909 1120 sive
935 1061 1077 1119 heredum
1096 1061 1215 1137 culpa.'

92 1177 142 1235 Ex
172 1165 209 1235 iis
235 1175 362 1251 potiores
384 1173 507 1249 pecunia
529 1173 683 1232 vindicabo
702 1171 898 1230 Bibliothecae
918 1172 1061 1246 publicae.
1109 1171 1193 1240 Quod

92 1305 218 1345 monere
238 1286 335 1345 visum
355 1287 412 1357 est,
436 1303 473 1343 ne
493 1284 568 1342 forte
587 1286 622 1341 tu
642 1302 709 1341 eum
728 1282 848 1341 Boscbio
868 1282 1044 1340 licitatorem
1064 1301 1194 1358 appona-

92 1394 166 1455 tis.”
210 1394 252 1452 ef.
273 1413 359 1471 porro
379 1393 470 1452 Geelii
488 1392 582 1452 Praei.
604 1393 641 1450 ad
660 1393 809 1450 Aneedota
828 1392 992 1450 Hemsterh.
1012 1391 1079 1467 p.V
1096 1394 1127 1449 et
1142 1391 1192 1450 VI.

137 1507 172 1564 P.
200 1493 269 1564 2052
299 1505 337 1563 In
354 1505 458 1581 peiore
477 1504 576 1582 officio
597 1502 767 1563 Sebettevus
785 1535 828 1547 —
846 1504 951 1578 opteri
967 1483 1056 1578 posse
1075 1501 1194 1559 videre-

95 1614 177 1696 tur]
199 1615 323 1674 Omnino
342 1615 373 1672 in
392 1615 502 1673 Lexicis
520 1614 763 1690 Latino—Belgicis
782 1614 876 1672 multo
896 1613 995 1672 minus
1014 1615 1121 1671 nocent
1142 1629 1194 1671 vo-
1256 1664 1259 1668 .

95 1725 203 1784 cabula
222 1725 326 1782 Latina
345 1726 511 1800 posterioris
532 1725 610 1796 aevi,
631 1744 720 1800 quam
740 1724 772 1782 in
786 1724 897 1782 Lexiois
907 1724 1120 1800 siveBelgiee,
1132 1722 1194 1782 sive

95 1835 404 1906 Germanico-Latinis,
429 1835 466 1892 ad
491 1835 594 1892 Latine
614 1835 789 1894 vertendum
808 1834 988 1908 comparatis.
1022 1833 1086 1902 Qua
1105 1833 1142 1890 de
1161 1851 1194 1890 re

96 1945 135 2002 ad
155 1943 207 2003 h.l.
228 1947 392 2020 opportune
413 1945 566 2003 annotavit
584 1944 707 2002 Binkius
725 1965 754 2020 p.
768 1942 836 2004 230.
953 1970 957 1975 ·

140 2055 173 2110 P.
185 2051 253 2112 207.
276 2051 585 2132 Schulteosiumcet.]
625 2052 825 2128 Dequoviro,
846 2056 1092 2128 praetereaquae
1101 2069 1194 2111 anno-

99 2161 229 2223 tavimus
251 2183 280 2239 p.
297 2162 372 2235 476,
394 2163 509 2222 omnino
528 2163 721 2222 consulendus
740 2167 783 2222 est
804 2164 949 2238 ejusdem,
971 2181 1060 2239 quem
1080 2164 1195 2238 saepius

100 2273 242 2346 diximus,
270 2273 318 2332 Fr.
339 2273 391 2330 Th.
412 2273 510 2331 Rinkii
529 2273 618 2345 liber,
647 2273 817 2331 Germanice
835 2274 973 2349 scriptus:
996 2272 1106 2330 Heinr.
1128 2271 1194 2332 Alb.

99 2383 269 2442 Scliolteos.
299 2383 379 2440 Eine
400 2381 504 2442 Skizze
523 2401 636 2443 u.s.io.
657 2381 753 2458 Riqo,
773 2382 862 2441 1794.
889 2384 923 2441 in
952 2385 1037 2458 eujus
1066 2383 1193 2441 Praesat.

99 2513 127 2568 p.
148 2493 246 2566 XVII,
268 2493 394 2564 fatetur,
415 2512 446 2552 se
466 2493 646 2556 Schultcnsio
667 2496 698 2552 et
713 2493 887 2553 Ruhnkenio
903 2493 936 2552 in
952 2494 1054 2569 primis
1073 2495 1194 2564 debere,

101 2603 179 2678 quod
208 2603 286 2661 vitae
317 2621 386 2662 suae
415 2622 509 2661 annus
538 2604 588 2662 XX
613 2603 797 2663 felicissimus
815 2603 908 2662 fuerit
934 2607 964 2662 et
984 2605 1021 2661 ad
1044 2605 1194 2662 doctrinae

101 2693 230 2771 enaiim
258 2713 432 2772 uberrimus.
479 2713 521 2772 Ac
544 2713 613 2772 uiri
632 2714 679 2772 sui
700 2734 729 2789 p.
750 2712 786 2772 31
810 2713 977 2772 amoene
996 2714 1194 2772 situatae

100 2823 239 2898 praefecti
257 2824 491 2883 benevolentiam
511 2828 541 2882 et
559 2824 717 2882 amicitiam
737 2828 840 2900 gratus
859 2824 1016 2900 praedicat.

139 2933 171 2991 P.
199 2931 267 2991 elo.
299 2931 416 2992 Murius
441 2934 685 3010 ioeccspectotum
713 2933 804 2992 Fred.
825 2934 904 3009 Auq.
928 2933 1043 3009 tutti,
1066 2932 1194 2991 Homeri

105 3039 269 3100 editionem
289 3043 317 3099 ei
334 3041 455 3118 publice
478 3043 672 3126 dedicuntia]
712 3045 817 3104 Literis
832 3045 869 3102 ad
889 3044 1099 3102 Ruhnkeniurn
1118 3043 1193 3101 datis

104 3151 140 3208 ad
166 3151 194 3208 d.
224 3150 244 3209 9
271 3153 341 3228 Maji
370 3151 464 3226 1795,
493 3155 525 3213 in
550 3157 671 3231 quibus:
701 3155 841 3215 »Denud'
869 3155 967 3230 inquit
994 3173 1100 3212 »ausus
1127 3171 1193 3212 sum

96 3259 139 3317 'ed
166 3261 205 3318 Te
231 3262 370 3335 scribere,
389 3283 485 3340 neque
504 3267 598 3324 solum
620 3266 762 3337 seribere,
783 3265 834 3324 scd
855 3265 944 3321 etiam
963 3263 1128 3321 inscribere
1148 3263 1193 3321 lu-

103 3369 284 3430 cubrationes
303 3391 382 3432 meas
401 3374 433 3432 in
451 3375 627 3448 Homerum,
648 3375 810 3434 m'ultorum
833 3393 977 3432 annorum
997 3392 1085 3448 apua,
1104 3375 1194 3432 etcui

101 3467 282 3556 expoliendo
304 3483 422 3541 tantum
451 3485 620 3562 diligentiae
651 3485 786 3554 adhibui,
816 3485 961 3558 quantum
993 3485 1079 3540 antea
1108 3483 1192 3540 nulli.

99 3591 206 3650 Verum
226 3593 256 3649 et
276 3591 339 3668 ipsa
356 3593 431 3652 ratio
451 3594 569 3666 crisces,
590 3596 657 3653 tum
676 3593 835 3651 litterariae
851 3591 1097 3661 tumbistorioae,
1109 3591 1193 3664 cujus

102 3698 145 3756 hic
164 3699 308 3773 specimen
335 3700 404 3759 dare
424 3702 518 3775 volui,
540 3704 607 3761 talis
628 3707 685 3774 est,
707 3704 755 3774 ut,
775 3701 833 3758 nisi
853 3701 894 3758 Te
913 3702 966 3758 aut
985 3700 1116 3757 homines
1136 3698 1193 3755 Tui

103 3806 272 3882 simillimos,
294 3829 368 3885 qnos
387 3811 439 3870 ubi
459 3811 608 3871 inveniam
626 3813 725 3888 plures
744 3809 857 3881 nescia,
877 3812 982 3866 nactus
1002 3806 1110 3864 fuerim
1131 3807 1193 3865 exi-

101 3917 257 3976 stimatores
284 3921 314 3978 et
341 3920 478 3994 arbitroS,
506 3940 609 3996 operae
634 3940 682 3978 me
701 3939 783 3978 meae
803 3935 892 3994 prope
920 3916 1069 3992 poeniteat
1088 3917 1191 3975 omnis.

102 4025 206 4100 Quare,
233 4028 257 4086 si
284 4030 402 4104 quando
419 4030 484 4088 Tibi
505 4031 617 4107 aliquot
636 4029 852 4088 hebdomadum
870 4026 965 4084 otium
985 4024 1091 4098 fuerit,
1113 4026 1191 4102 quod

100 4137 323 4199 dubitationibus
342 4141 414 4199 meis
437 4141 616 4199 excutiendis
635 4140 803 4215 impendere
823 4154 929 4213 queas,
947 4135 1002 4192 hoc
1023 4135 1066 4207 ei,
1089 4135 1142 4210 qui
1152 4135 1192 4191 Te
1264 4133 1267 4142 '

100 4265 186 4306 unum
206 4249 341 4307 omnibus
361 4249 475 4308 criticis
494 4251 580 4327 longe
599 4249 743 4325 praefert,
765 4248 817 4324 qui
837 4247 876 4304 Te
896 4244 1049 4320 insigniter
1070 4245 1139 4302 colit
1161 4245 1192 4299 ct

98 4361 182 4428 amat,
210 4359 263 4416 boe
292 4359 385 4434 igitur
410 4359 479 4418 mihi
504 4360 653 4434 impertias
680 4357 783 4428 veliin,
814 4359 856 4426 et,
889 4372 949 4428 quo
978 4353 1192 4411 obscurissimas
