3102 5208
187 4279 214 4316 fl

334 365 394 432 102
655 365 876 444 Soppmaeote
894 366 1111 426 annotatione

333 539 437 618 tendo,
463 563 535 623 erga
547 563 605 620 ¹me
624 546 831 606 liberalitatem
851 545 1130 620 humanitatemque.
1160 545 1239 603 Tum
1256 557 1328 604 vem
1347 545 1443 606 vahe-

334 655 451 716 mentcr
476 653 594 732 gavisus
619 674 698 729 sum,
725 674 773 714 me
794 655 914 732 quidem
933 655 968 714 iis
987 674 1005 713 a
1025 655 1065 712 Te
1084 655 1229 714 mceneeri
1247 654 1441 728 hominibus,

334 767 366 826 et
393 779 462 824 varo
492 764 578 822 etiam
606 765 758 843 Theologie
777 766 825 836 iis,
854 766 960 842 quibus
979 767 1099 842 gratum
1118 763 1248 824 aooidme
1267 783 1352 840 pom
1371 765 1443 824 tale

333 891 459 945 munus,
481 891 535 932 nec
554 873 664 932 frustra
684 875 721 933 ad
740 875 898 952 legendnm
916 874 1065 950 praeberi,
1086 873 1236 950 rideatur.
1266 874 1352 932 Certe
1371 894 1440 934 non

241 961 244 970 ¹
335 982 475 1055 diffiteor,
504 981 620 1042 meite
645 984 714 1042 libri
738 984 862 1044 lectione
887 983 977 1042 fuisse
1000 985 1134 1058 captum,
1162 986 1199 1042 ut
1217 984 1365 1059 deponere
1387 986 1441 1044 vix

334 1093 484 1174 potuerim
502 1093 585 1170 prius
605 1113 695 1170 quam
713 1097 793 1157 totus
813 1095 888 1154 essct
907 1095 1060 1170 perlectus.
1081 1093 1143 1156 Nec
1157 1095 1225 1152 tum
1239 1094 1332 1152 etiam
1348 1096 1439 1171 potui

335 1203 495 1280 deponere,
517 1202 574 1262 nisi
593 1221 675 1278 spem
693 1203 764 1261 mihi
783 1204 846 1279 ipse
864 1203 973 1262 faciens
991 1203 1113 1262 iteratae
1129 1203 1270 1262 lectionis.
1301 1203 1436 1278 Scilicet,

335 1317 366 1376 et
390 1333 407 1374 a
425 1313 465 1374 Te
481 1312 607 1390 scriptus
623 1315 687 1371 erat
705 1314 796 1387 liber,
813 1333 903 1390 quem
922 1313 959 1371 ab
978 1313 1172 1370 adolescentia
1190 1315 1326 1372 venerari
1345 1316 1436 1375 didici

335 1424 368 1484 in
387 1423 485 1484 schola
504 1422 685 1494 Ruardiena,
710 1426 740 1482 et
759 1424 796 1482 de
815 1422 989 1481 Ruhnkenio
1008 1422 1131 1496 scriptus
1150 1424 1228 1493 crat,
1250 1425 1282 1481 et
1306 1425 1437 1502 denique

336 1532 391 1594 teli
415 1531 500 1591 modo
528 1533 592 1591 eret
611 1534 752 1610 scriptus,
772 1535 809 1592 ut
827 1552 888 1592 non
906 1551 1018 1608 possem
1037 1551 1098 1591 non
1119 1533 1282 1609 saepissime
1303 1535 1436 1612 cogitare

335 1660 469 1702 mecum:
497 1641 612 1702 utinam
637 1643 680 1701 ita
705 1643 830 1702 scribere
855 1642 929 1700 mihi
953 1641 1069 1700 liceret!
1100 1641 1210 1702 Verum
1234 1642 1316 1702 istud
1336 1664 1435 1704 meum

333 1751 496 1828 J'udicium,
518 1753 611 1829 quod,
633 1772 722 1829 quam
742 1753 818 1812 nihil
837 1751 916 1828 apud
935 1752 976 1810 Te
994 1752 1103 1824 valeat,
1123 1753 1198 1811 benc
1214 1753 1324 1826 sentio,
1342 1756 1435 1832 expli·

338 1880 404 1924 care
430 1862 556 1926 ulterius
581 1881 641 1923 non
659 1881 791 1940 possum:
812 1859 866 1922 hoc
884 1865 985 1920 tamen
1003 1861 1153 1938 profiteor,
1174 1863 1315 1939 profiteor
1333 1869 1432 1924 antem

338 1991 398 2034 non
417 1971 479 2032 sine
496 1972 605 2052 insigni
621 1974 713 2060 animi
727 1974 895 2049 voluptate,
915 1991 980 2045 me,
999 1973 1069 2030 licet
1085 1973 1139 2030 uni
1154 1973 1231 2032 Novi
1240 1974 1429 2048 restanus,

338 2081 407 2142 libri
427 2100 496 2144 vera
515 2082 624 2154 divini,
652 2082 904 2159 interpretationi,
930 2084 994 2141 tcto
1013 2083 1126 2154 animo,
1153 2082 1304 2156 deditnm',
1329 2085 1376 2144 ita
1392 2090 1429 2144 ta·

339 2209 408 2250 meu
435 2191 471 2252 ab
496 2192 723 2268 elegantioribus
742 2193 835 2250 literis
854 2193 1005 2263 humanis,
1033 2193 1148 2251 Graecis
1167 2193 1360 2272 latinisque,
1379 2215 1427 2254 non
1534 2223 1538 2258 r

340 2317 401 2360 esse
427 2301 572 2371 alienum,
600 2305 636 2360 nt
653 2320 799 2378 nequeam
818 2302 928 2359 dieoare
946 2321 984 2360 ex
1003 2302 1085 2360 libris
1101 2302 1187 2373 Tuis3
1205 2303 1337 2362 maxime
1353 2323 1421 2376 vno,
1537 2323 1538 2330 ¹

339 2429 401 2482 me,
419 2409 491 2468 licet
510 2409 717 2479 Professum,
737 2429 797 2469 uon
817 2431 852 2469 aa
870 2430 932 2469 esee
951 2413 1096 2484 vanitate,
1116 2416 1153 2470 ut
1170 2413 1263 2471 nolim
1282 2433 1303 2471 a
1329 2414 1368 2472 'ib
1383 2414 1418 2471 di-

337 2537 426 2582 scere.
457 2519 565 2598 Pergae
582 2519 691 2596 igitur,
712 2521 859 2595 praeclare
879 2519 946 2580 Vir!
966 2523 1082 2598 scriptis
1100 2522 1175 2595 tuis,
1196 2524 1227 2580 et
1239 2541 1424 2600 memeoequa

334 2631 461 2708 juvenes
481 2630 612 2703 erudire,
632 2632 664 2688 et
679 2630 865 2688 Academiam
880 2631 1163 2709 Lugdunobataram
1177 2651 1299 2705 ornare,
1321 2637 1354 2693 ct
1370 2633 1429 2692 uni·

338 2759 441 2802 versae
466 2739 650 2816 Reipublicae
675 2740 810 2799 literotae
825 2741 982 2818 insigniter
1002 2741 1154 2818 prodme.
1185 2742 1295 2820 Pergus
1320 2746 1431 2815 antam,

338 2851 415 2910 bono
442 2869 511 2910 cum
536 2851 613 2923 Deo,
637 2851 765 2910 melioris
784 2851 874 2910 etiarn
893 2852 972 2911 vitae
991 2852 1150 2911 laetimima
1168 2871 1235 2928 spe,
1257 2873 1313 2930 per
1332 2855 1433 2914 Jesnm

338 2960 500 3032 Christum,
520 2961 704 3020 Servatorem
722 2963 874 3020 aeternum
895 2962 1064 3033 colendum,
1085 2961 1148 3022 Tibi
1168 2967 1351 3039 comparata,
1373 2983 1434 3024 ere-

338 3075 413 3130 ctus
442 3070 490 3128 Ita
507 3071 585 3142 vala,
605 3088 712 3146 meque
734 3070 805 3130 Tuis
824 3071 1074 3143 aestimatoribus,
1094 3074 1179 3150 grato
1196 3072 1294 3133 animo
1313 3075 1355 3134 Ta
1369 3093 1434 3152 per·

341 3179 545 3256 sequentibus,
567 3197 694 3237 accense.

380 3327 488 3404 Scripsi
506 3325 631 3385 'lhaiecti
649 3327 842 3402 Batavorum,
861 3329 890 3387 d.
911 3347 962 3388 »Ἧι
981 3330 1049 3389 «Ian
1070 3349 1097 3388 a
1118 3341 1285 3392 ciolaccc.

379 3507 448 3565 Jam
467 3508 536 3564 ante
551 3505 665 3564 editum
680 3505 803 3578 hhrum,
823 3524 922 3565 mensa
940 3506 1100 3568 Februario
1119 3505 1214 3580 1799,
1233 3509 1393 3585 scripserat
1409 3510 1435 3570 ci

342 3617 486 3678 Classius:

378 3727 505 3787 »Omnes
529 3724 591 3784 fere
617 3726 829 3802 ephemerides,
854 3729 891 3785 ut
916 3727 1019 3800 audio,
1040 3728 1073 3786 in
1093 3728 1248 3806 Germania
1267 3729 1437 3790 Ruhnkenii

250 3869 260 3888 ·
340 3840 462 3898 remant
485 3839 626 3910 mortem,
647 3839 692 3910 et,
715 3837 762 3897 uti
781 3837 930 3914 quondam
949 3837 1087 3898 Graeciae
1105 3839 1239 3900 civitates
1257 3839 1436 3914 Homerum,

340 3947 384 4008 ita
402 3947 458 4008 sibi
476 3950 618 4025 tanquam
636 3965 722 4010 verae
741 3947 853 4024 patriae
869 3949 931 4006 tam
945 3947 1061 4007 illustra
1075 3968 1183 4010 nomen
1196 3949 1358 4011 vindicant.
1379 3951 1439 4010 Ne·
1536 3899 1538 3926 Ι

342 4057 450 4136 orologi
475 4059 570 4117 multa
595 4057 633 4118 de
656 4057 719 4118 Viri
744 4057 821 4131 rita,
849 4056 970 4130 studiis,
990 4057 1106 4136 scriptis
1124 4057 1315 4135 pellicearum
1336 4060 1439 4120 cuncti

341 4185 412 4228 vem
438 4166 515 4228 docti
541 4167 672 4227 homines
698 4166 865 4226 Ruhnkenii
886 4166 1085 4227 laudationem
1103 4189 1122 4227 a
1140 4169 1366 4245 Wyttenbachio
1386 4187 1438 4228 ex-
1537 4231 1538 4236 ,

340 4279 487 4354 spectant:
507 4277 615 4336 etunius
635 4277 676 4336 sio
691 4277 840 4354 judicant.
861 4295 956 4354 neque
976 4279 1028 4355 qui
1049 4279 1157 4340 Balara
1175 4279 1293 4341 civitate
1311 4280 1436 4376 donatus
1537 4265 1538 4268 ¹
