3064 5210
357 423 397 485 18
674 426 898 504 Sapplccneata
918 429 1134 490 denotationis

356 603 431 668 dani
450 603 551 666 Batav.
573 603 667 664 multo
687 605 833 678 auctiora,
855 606 968 666 dnobus
988 607 1090 680 tomis,
1118 627 1143 666 a.
1165 605 1281 682 1823;
1309 627 1403 688 qnam
1426 628 1467 686 po·

331 735 332 740 ¹
357 717 496 776 stramem
515 714 688 787 editionem,
715 715 803 792 pardo
822 715 882 774 alia'
897 716 1012 776 ratione
1031 734 1064 776 ac
1084 715 1333 792 distributione,
1361 721 1468 796 repetiit

355 826 388 886 in
408 825 563 884 Germania
580 824 659 884 nid.
680 825 787 904 liaug.
807 824 1000 886 l'm'edemann
1012 824 1047 906 2).

396 935 439 994 De
466 934 634 996 Ruhnkenii
664 935 811 996 anecdotis
837 955 854 994 a
878 935 1048 996 Tittmanno
1066 937 1099 996 in
1118 938 1224 997 lucem
1247 940 1383 1015 prolatis
1403 939 1467 998 diri·

355 1064 422 1107 mus
438 1045 547 1106 Annot.
569 1066 599 1122 p.
614 1044 683 1104 aad.
710 1045 804 1114 Quam
819 1045 935 1123 Heynio
951 1047 1099 1123 quondam
1115 1049 1329 1123 promiserat,
1350 1048 1467 1126 lippet

353 1156 420 1217 lllv.
436 1177 464 1234 p.
475 1155 515 1217 19
532 1158 562 1215 et
572 1155 626 1230 25,
642 1155 880 1215 Dissertationem
897 1155 935 1214 de
950 1157 1087 1234 antiquis
1103 1156 1233 1235 Vispilii
1244 1163 1467 1220 commentato-

353 1267 454 1340 ribus,
476 1267 513 1325 de
530 1285 564 1324 ea
582 1265 657 1324 nihil
677 1265 801 1341 amplius
820 1268 948 1326 constat:
970 1267 1007 1326 cf.
1027 1251 1121 1327 Praef.
1139 1268 1177 1327 ad
1194 1269 1320 1346 Opusa.
1332 1290 1364 1346 p.
1375 1267 1466 1328 XXXI.

294 1437 295 1440 ,
353 1376 426 1452 Ejus
452 1375 485 1433 in
510 1374 623 1434 Justini
649 1373 785 1434 Historiis
810 1374 979 1452 Philippicis
999 1376 1221 1438 emendationes
1236 1379 1387 1438 ineditae
1407 1396 1464 1454 pro-

352 1485 429 1544 didit
456 1503 481 1544 a.
510 1482 590 1544 1853
615 1483 649 1542 Ε.
674 1484 785 1546 Mehler
808 1484 841 1544 in
867 1485 1055 1563 Mnemosyne
1074 1488 1241 1547 vernacula
1269 1487 1465 1568 (Tpcschdft

352 1613 423 1654 ocor
446 1592 596 1654 OEcaacte
616 1593 826 1667 Litauiccus,
854 1593 933 1674 aaz.)
963 1595 1026 1655 Vol.
1046 1595 1088 1654 H.
1118 1617 1147 1672 p.
1169 1595 1371 1672 252-256,
1391 1615 1463 1674 prae·

354 1704 443 1763 missa
460 1703 514 1763 hac
532 1704 745 1764 admonitione:
768 1705 961 1765 »Asservatur
975 1705 1008 1763 in
1022 1705 1197 1765 bibliotheca
1206 1707 1248 1768 1..
1260 1709 1301 1768 B.
1313 1707 1463 1768 fascienlus
1488 1744 1493 1773 ,

353 1815 481 1893 (Ruhnk.
502 1813 566 1894 83),
588 1815 683 1875 varias
705 1813 742 1875 D.
764 1813 947 1874 Ruhndcnii
965 1814 998 1873 in
1016 1816 1172 1893 utriusque
1189 1818 1330 1896 linguae
1348 1817 1460 1893 scripto
1486 1801 1490 1829 *

349 1944 395 1984 res
414 1925 616 1986 adnotationes
636 1917 753 1985 criticae
773 1925 958 2002 potissimum
976 1924 1082 1986 indolis
1099 1927 1269 1988 continens.
1296 1929 1385 1999 Quae
1402 1945 1456 1987 cum

349 2034 482 2111 singulae
503 2035 625 2093 eximiae
644 2035 750 2094 summi
769 2035 826 2095 viri
845 2034 1010 2112 sagacitatis
1031 2037 1121 2113 atque
1139 2037 1333 2114 prudentiae
1355 2037 1456 2116 possint

334 2147 410 2202 'esse
436 2143 624 2216 documento,
651 2145 739 2221 longe
764 2145 864 2202 tamen
890 2145 1114 2220 praestantiores
1143 2147 1295 2207 videntur
1325 2165 1404 2224 quas
1429 2144 1451 2200 in
1499 2150 1500 2153 ’

350 2251 477 2311 Latinos
502 2251 655 2328 scriptores
678 2252 831 2328 proposuit
854 2253 1077 2315 emendationes.
1111 2231 1250 2324 'Quarum
1281 2257 1449 2334 praecipuae

348 2361 460 2439 publici
485 2361 560 2438 juris
582 2361 646 2420 lieri
672 2364 761 2438 atque
786 2363 885 2423 libello
911 2367 1010 2424 nostro
1030 2369 1200 2426 ornamento
1221 2387 1292 2428 esse
1317 2387 1392 2428 cum
1410 2380 1444 2440 pt

347 2472 484 2532 eximiam
509 2471 574 2531 Joc.
603 2470 714 2546 Geclic',
742 2473 777 2533 V.
806 2473 862 2547 01„
887 2474 1101 2534 humanitatem
1128 2477 1217 2554 atque
1236 2477 1446 2550 liberalitatem

345 2582 447 2656 liceat,
475 2583 596 2642 initium
617 2584 681 2659 jam
704 2582 810 2642 faciem
832 2584 869 2642 ab
888 2584 939 2656 iis,
968 2605 1043 2662 quae
1064 2587 1101 2644 ad
1120 2586 1238 2646 Jcsa'ai
1261 2588 1356 2648 Hist.
1379 2579 1445 2645 Plo‘t

346 2693 486 2751 annotata
512 2692 627 2766 inveni3
657 2693 764 2769 quibus
789 2712 856 2752 mos
882 2694 939 2752 alia
962 2695 1094 2756 addam.''
1124 2696 1186 2756 Nec
1206 2698 1316 2758 tamen
1338 2697 1444 2774 postea,
1498 2729 1499 2736 ¹

345 2804 494 2880 quantum
508 2803 656 2876 novimas,
673 2803 709 2862 ad
720 2802 777 2862 alia
787 2807 938 2876 avocatus,
955 2805 1094 2880 promisso
1104 2807 1187 2866 stetit
1196 2807 1320 2868 doctiss.
1332 2806 1444 2866 Mehler·

387 2913 431 2972 De
451 2914 537 2974 editis
556 2912 724 2972 Ruhnkenii
743 2913 852 2972 Scholia
871 2912 933 2974 sive
952 2913 1075 2974 Dictatis
1094 2894 1147 2975 suo
1167 2917 1231 2976 loco
1250 2917 1402 2980 dicemus

390 3135 489 3211 Atque
514 3135 562 3192 hic
582 3135 662 3192 locus
681 3136 725 3192 est
743 3133 886 3194 nonnulla
905 3134 1021 3194 dicendi
1040 3135 1076 3194 de
1096 3135 1264 3196 Ruhnkenii
1286 3133 1442 3215 Epistola,

346 3244 408 3304 eive
433 3243 470 3302 de
497 3245 561 3319 ejus
584 3261 653 3302 oum
673 3243 736 3304 aliis
754 3244 824 3304 viris
844 3244 936 3303 doctis
955 3244 1061 3304 extens
1079 3245 1190 3320 pariter
1209 3250 1239 3306 et
1261 3245 1441 3308 nostratibus

344 3353 516 3414 commercio
534 3353 678 3427 literario‚
702 3354 781 3430 quod
800 3353 899 3430 attigit
909 3354 1150 3430 Wyttenbachius
1160 3376 1189 3431 p.
1200 3355 1272 3431 232,
1295 3359 1440 3435 quatenus

341 3466 408 3544 post
421 3462 484 3524 viri
500 3463 614 3522 obitum
630 3465 691 3524 sive
707 3463 822 3539 publice
837 3464 984 3537 innotuit,
1002 3465 1064 3524 sive
1082 3464 1176 3524 adhuc
1193 3465 1344 3528 ineditum
1361 3463 1436 3524 latet.

381 3573 529 3652 Epistulae
547 3574 610 3649 ejus
627 3573 835 3647 aestuarem,
853 3572 1061 3646 D’Orvillium,
1077 3574 1246 3650 Ernestum,
1268 3579 1358 3651 alios,
1374 3591 1437 3653 par·

340 3685 396 3746 tim
409 3686 473 3762 jam
491 3686 579 3744 antea
594 3685 682 3744 variis
698 3685 768 3744 locis
785 3684 895 3758 editae,
923 3684 1052 3760 primum
1068 3685 1204 3745 collectae
1221 3689 1341 3748 suntin
1359 3685 1435 3760 Opu-

340 3796 489 3856 sculorum
511 3795 603 3872 ipsius
623 3795 749 3854 editione
768 3794 1041 3872 Lugduno-Batava
1065 3795 1158 3853 altera
1182 3815 1208 3854 a.
1228 3794 1325 3871 1823,
1348 3795 1433 3856 Tamo

339 4055 414 4088 mann
443 4041 469 4088 in
490 4041 604 4090 sectore
625 4017 741 4090 afferren.
764 4039 820 4088 eac
842 4041 878 4088 ra
898 4040 1020 4089 aleran.
1041 4040 1153 4088 saraae.
1178 4041 1267 4100 reae,
1288 4031 1329 4094 rt.
1352 4041 1386 4098 a,
1406 4051 1429 4100 p·

340 4118 505 4174 aet-405.
533 4121 686 4185 aliquamdiu
713 4127 771 4186 post
795 4121 821 4168 in
848 4120 925 4180 Gallie
941 4119 1045 4168 Daunou
1074 4121 1100 4169 in
1123 4121 1233 4169 Journal
1254 4121 1299 4170 dea
1318 4117 1430 4172 Samus.

399 4199 411 4245 l
463 4235 470 4248 .
551 4223 589 4232 -·-
651 4231 658 4247 .

339 4199 399 4345 183⁰t)
417 4199 660 4328 bgmsslhnffii
680 4280 827 4337 Orationes,
850 4280 1055 4330 Dissertationes
1076 4289 1101 4329 et
1122 4281 1266 4344 Epistulae.
1295 4282 1357 4331 &aaa
1373 4275 1428 4328 sui*

338 4360 495 4424 aliorumque
516 4361 725 4408 annotationibus
746 4358 783 4407 ed.
805 4368 851 4410 cut.
874 4360 1049 4422 Brunswipae,
1073 4361 1157 4411 1828.
1181 4361 1197 4410 2
1219 4375 1241 4409 r.
