3064 5210
441 423 483 486 od
505 427 647 502 Elapsum
667 427 901 488 Hemsterbasia'.
1180 423 1217 484 11

119 609 314 671 Colleotaneis
331 608 367 666 da
389 606 607 666 Hemsterhusio
624 603 846 664 Valckenarius:
870 604 924 661 »In
942 602 1035 662 Frisia
1051 602 1121 662 viris
1137 602 1221 677 prin·

120 722 237 798 cipibus
265 735 336 779 usus
362 721 406 778 est
433 715 631 785 familiariter,
658 715 794 791 Goslipge
813 713 984 790 praesertim
1005 716 1035 770 et
1054 707 1219 788 vagosum

120 833 157 890 in
175 829 332 890 Hellandia
352 827 478 886 amissuri
497 826 552 885 sibi
572 827 676 903 lugent
695 825 881 900 ademptum,
902 843 937 884 ex
956 822 1096 906 primaria
1115 821 1220 881 nobili-

119 942 185 998 tate
194 959 247 1014 par
256 939 332 998 illud
341 937 467 996 fratnim
477 935 655 1007 admirabile,
666 935 785 993 comites
794 934 977 994 Bentinelrii.
988 978 993 991 .
1004 978 1011 992 .
1022 977 1028 989 .
1047 935 1077 990 et
1093 932 1219 1000 Carolus

120 1051 263 1125 uterque,
279 1048 361 1125 ‘quod
377 1048 431 1108 hoe
444 1047 540 1108 seoulo
557 1046 686 1118 mireris,
704 1041 852 1104 studiosus
863 1043 1048 1119 antiquitatis
1059 1021 1219 1101 eruditaa.'’

163 1160 195 1216 P.
217 1157 265 1218 74.
299 1156 377 1216 &aaa
398 1173 502 1216 orarias
522 1154 746 1226 accubuissent,
767 1157 820 1212 oet.
832 1153 959 1212 -dum
976 1151 1109 1212 salamae
1126 1153 1221 1210 sarri·

120 1265 230 1342 ficium
263 1261 451 1346 peragraret]
490 1264 627 1323 Ornatius
658 1282 748 1340 quam
762 1263 869 1328 ,verius
896 1282 914 1322 a
939 1261 1114 1321 Ruhnkenio
1143 1262 1220 1322 diota

119 1377 290 1452 ,sepiatur
309 1376 429 1434 Granius
449 1376 468 1432 l.
490 1393 513 1432 s.
534 1394 562 1451 p.
579 1371 707 1432 89-91.
729 1373 883 1448 Utrunque
903 1391 949 1431 res
969 1371 1022 1442 sit,
1047 1371 1104 1430 hue
1126 1372 1220 1448 perti-

120 1488 196 1546 nent
212 1505 247 1544 ex
262 1485 292 1544 O.
310 1485 343 1544 F.
361 1484 500 1548 Matthaei
517 1484 553 1542 ad
570 1483 777 1542 Ruhnkenium
797 1482 918 1558 epistola
938 1480 977 1540 28
996 1481 1118 1541 Januar.
1139 1481 1220 1546 1779

119 1596 192 1656 deta
211 1596 376 1673 sequentia:
711 1657 713 1661 ,
1257 1613 1258 1616 ¹

163 1706 265 1765 »Nihil
284 1705 403 1782 quidem
418 1708 471 1764 tua
481 1705 628 1764 interesse
642 1705 714 1775 seio,
736 1701 930 1780 quodeunque
943 1703 1091 1779 judicium
1108 1704 1145 1761 de
1162 1703 1219 1764 isto

121 1815 216 1893 slogio
235 1815 336 1874 feram.
366 1815 429 1874 Hoc
448 1818 548 1873 tamon
568 1815 660 1873 audeo
680 1815 789 1886 disere,
811 1813 891 1872 istud
907 1812 980 1872 mihi
995 1814 1222 1888 supramodum

122 1924 274 1999 placuisse.
304 1925 473 2000 Antequam
491 1925 583 1983 istum
598 1924 707 1982 librum
724 1923 873 1995 vidissem,
895 1924 1063 1998 conjectura
1077 1923 1229 2010 duntaxat

124 2035 306 2110 augurabar,
334 2035 374 2092 Te
399 2035 432 2092 in
456 2032 671 2092 Hernsterhusii
697 2034 758 2092 vita
786 2033 953 2109 exponenda
979 2033 1101 2109 perfecti
1122 2033 1221 2094 Critiai

125 2143 249 2202 termam
275 2143 453 2218 expressisse.
485 2144 628 2202 Putabam
655 2144 755 2215 etiam,
783 2162 830 2200 me
853 2143 895 2202 ibi
915 2161 975 2202 non
994 2143 1105 2217 solum,
1125 2143 1221 2220 qualis

124 2252 362 2312 Hemstsrhusius
372 2252 477 2323 fixerit,
489 2254 539 2312 sed
549 2255 595 2325 et,
606 2272 694 2329 quam
704 2253 764 2328 ipse
774 2252 897 2328 perfecti
908 2251 1006 2312 Critioi
1016 2253 1112 2312 ideam
1122 2255 1219 2314 mente

123 2361 315 2436 ooneepisses,
342 2365 528 2437 reperturum
554 2381 623 2420 esse.
654 2362 716 2421 Nee
741 2381 788 2420 me
811 2381 877 2420 mea
896 2362 966 2421 haee
986 2361 1092 2420 fefellit
1111 2363 1217 2440 opinio.

122 2471 287 2546 Utrumqua
316 2471 395 2530 enim
420 2491 499 2532 nune
525 2472 700 2531 intellexisse
727 2472 835 2531 videor.
875 2472 999 2531 Maxime
1026 2475 1126 2532 autem
1153 2493 1219 2534 sum

123 2586 300 2656 commotus,
328 2601 395 2642 oum
419 2584 615 2658 pervenissem
640 2583 677 2641 ad
696 2583 794 2642 lotum
814 2583 912 2656 illum,
933 2584 986 2642 ubi
1005 2583 1218 2644 Hemstarhusii

123 2693 372 2752 constantiam-et
401 2692 606 2762 fortitudinem
631 2693 748 2766 laudas,
779 2712 867 2769 quam
896 2695 1012 2769 aooepto
1043 2693 1152 2752 nuncio
1181 2695 1218 2754 de

124 2777 177 2861 lilii
198 2804 281 2862 obitu
301 2802 518 2863 demonstravit.
546 2802 635 2876 Tum,
662 2803 714 2862 ubi
737 2822 806 2862 eum
826 2803 1010 2879 Xenophonti
1031 2804 1063 2862 in
1082 2823 1114 2862 re
1134 2821 1218 2880 pror·

125 2931 174 2972 sus
200 2913 288 2972 simili
315 2931 470 2988 comparas.
505 2912 548 2971 Ea
574 2931 643 2972 vero
663 2932 710 2971 me
730 2913 772 2970 ita
792 2914 967 2985 affecerunt,
990 2914 1026 2971 ut
1046 2913 1153 2972 dubius
1174 2933 1219 2972 es·

126 3041 201 3094 sem,
228 3024 332 3086 utrum
358 3021 610 3082 Hemsterhusium
634 3023 700 3100 plus
728 3023 901 3095 admirarer,
930 3023 982 3098 qui
1007 3023 1097 3080 talem
1120 3023 1219 3083 vuum

128 3131 159 3190 in
179 3131 235 3190 isto
256 3149 325 3190 essu
344 3151 374 3191 se
394 3133 596 3207 praestitisset,
618 3152 656 3212 an
676 3132 730 3205 Te,
749 3133 801 3209 qui
820 3133 862 3190 ita
881 3134 966 3191 aeute
983 3133 1069 3190 istam
1085 3132 1141 3193 viri
1158 3131 1218 3194 vir·

127 3243 221 3300 tutem
247 3241 510 3315 animadvertisses,
538 3243 627 3320 digna
652 3243 739 3302 laude
764 3243 937 3302 illustrasses
958 3244 1000 3315 et,
1026 3243 1105 3318 quod
1124 3261 1219 3302 unrun

126 3353 290 3427 exemplum
305 3372 350 3410 ‘ex
377 3354 455 3412 omni
478 3357 561 3429 parte
581 3354 674 3414 simile
694 3355 829 3414 veterum
850 3355 1010 3412 suetorum
1022 3353 1130 3412 litteris
1149 3373 1219 3412 eon·

126 3461 273 3538 signatum
288 3464 377 3535 esset,
394 3462 477 3521 id‘in
496 3465 627 3540 tempore
646 3482 714 3523 eum
735 3482 848 3523 summa
867 3462 987 3545 virtutis
1006 3463 1219 3524 Hemsterhusii

126 3573 156 3630 et
176 3571 233 3630 Tui
247 3571 358 3648 ingenii
374 3572 460 3630 laude
476 3573 635 3633 lectoribus
651 3575 683 3631 in
700 3573 870 3632 memoriam
886 3592 1056 3632 revocasses.
1074 3573 1130 3631 Sed
1147 3591 1216 3632 aon·

125 3682 230 3740 sultius
249 3700 296 3740 me
316 3681 445 3741 abstineo
466 3684 502 3741 ab
522 3686 673 3743 tantorum
694 3686 824 3744 virerum
844 3682 945 3758 laude,
967 3701 1039 3760 quos
1056 3701 1141 3741 nemo
1158 3699 1216 3742 un-

128 3809 213 3865 quam
232 3809 318 3850 sanus
338 3792 553 3867 reprehendit.”

164 3900 196 3958 P.
218 3898 265 3958 77.
298 3901 534 3960 Foederatorum
556 3903 725 3979 Belporuaa
746 3904 905 3962 historiam
925 3919 1004 3961 reove
1020 3906 1049 3960 ot
1064 3903 1216 3963 inusitata

126 4011 241 4068 ratione
268 4011 390 4070 tradere
413 4011 532 4092 coepit]
573 4009 720 4073 Historiae
747 4013 858 4090 patriae
886 4012 1042 4088 professio,
1073 4013 1109 4073 ab
1140 4035 1217 4075 anno

124 4120 189 4179 inde
215 4117 294 4180 1738
325 4121 544 4182 Hemstsrhusio
572 4125 723 4182 commissa
743 4126 821 4195 erat,
848 4123 977 4197 primum
998 4123 1215 4202 Frenaquerae,

125 4224 226 4290 deinde
249 4229 368 4303 Leidae,
397 4250 533 4308 eamque,
561 4233 737 4291 Graecarum
760 4225 1214 4308 Lite1·arumprovincia'lluhn-

126 4338 206 4399 ksnio
224 4339 337 4398 Lectori
356 4339 478 4420 tradita,
499 4345 641 4417 perpetuo
663 4343 716 4400 sibi
740 4343 880 4402 servavit:
908 4343 966 4402 vid.
988 4342 1155 4403 Ruhnkanii
1180 4342 1215 4401 ad
