3064 5210
459 414 501 473 ud
528 413 627 474 Vitam
649 411 839 498 Ruliulceuii.
1157 414 1197 477 23

133 594 232 654 Preef.
258 613 287 670 p.
308 594 342 653 V.
376 591 456 653 Curu
480 593 547 669 ipso
576 592 723 658 orationis
743 591 834 668 quasi
848 590 1054 668 perpetuitate
1074 607 1111 650 ac
1129 590 1194 672 filo]

87 705 283 766 Frotschcrue
302 723 356 781 pro
376 704 442 781 ipso
463 703 510 762 edi
522 704 650 781 jusserat
669 703 753 778 ipsa,
775 701 915 778 quonism
933 701 1068 777 sequitur
1082 717 1195 778 perpe-

87 816 220 887 tuitate,
248 815 299 874 sed
327 833 431 892 operae
454 833 514 873 non
533 815 705 890 paruerunt.
736 795 800 870 Nisi
820 811 859 870 sit
880 810 986 872 vitium
1006 812 1195 888 typographi·

88 944 164 985 cum
182 926 215 986 iu
234 926 279 985 ed.
300 945 361 1001 pr.‚
382 924 503 984 fortasse
523 922 765 1000 wyttenbachius
783 921 910 982 scribere
930 921 1024 982 voluit
1040 939 1112 980 euru
1129 923 1195 998 ipsc

87 1033 241 1094 orationis
257 1035 347 1112 quast
363 1034 414 1112 filo
431 1052 468 1094 ao
481 1033 702 1111 perpetuitate,
729 1032 807 1109 quod
825 1031 943 1092 omuino
959 1031 1193 1107 praeferendum.

130 1145 192 1205 Vit.
212 1165 242 1221 p.
263 1143 312 1204 10.
347 1144 434 1216 Quod
446 1144 508 1216 -ibc',
526 1148 655 1220 propter
672 1141 894 1218 mapistrorum
911 1141 1032 1217 copiam
1048 1139 1194 1218 urbisque

86 1255 319 1332 frequentiam,
334 1251 479 1331 plurium
494 1271 603 1312 rerum
622 1251 843 1312 discendarum
862 1251 1077 1327 opportunitas
1093 1249 1191 1332 esset]

87 1365 206 1439 Alium,
244 1384 366 1442 eumque
396 1366 538 1443 potiorem
568 1381 699 1437 causam,
739 1362 928 1438 quemobrem
955 1361 1192 1438 Regicmcntium

87 1476 263 1534 mitteretur
288 1475 495 1548 Bubulcum,
521 1474 659 1535 videlicet
688 1473 766 1549 quod
796 1472 976 1532 Chiistieuus
1006 1470 1189 1544 Schiffeitus,

87 1585 197 1646 Rector
217 1585 335 1646 Scholee
356 1585 529 1662 Stolpcneis‚
547 1583 744 1644 Ftidericieuo
765 1581 891 1660 collegio
909 1581 1055 1658 inspector
1070 1599 1190 1658 precpo·

86 1694 166 1754 situs
185 1697 274 1768 esset,
295 1695 398 1754 attulit
416 1693 541 1754 Rinkius
561 1715 590 1771 p.
610 1692 660 1754 80.

127 1805 205 1864 Ibid.
239 1803 542 1882 condiscipulorum:
568 1820 702 1880 quorum
721 1819 807 1861 uuus
825 1805 991 1860 -erct—
1011 1799 1190 1860 Immeuuel

87 1913 251 1996 Kautius.]
273 1916 367 1985 Quem
386 1917 482 1993 grute,
504 1915 594 1974 etiem
613 1916 681 1990 post
694 1912 819 1990 triginta
835 1930 978 1972 annorum
987 1910 1187 1984 intervallum,

87 2024 263 2083 Ruhnkenic
287 2025 379 2084 fuerit
402 2025 503 2085 Keutii
528 2023 676 2100 quondum
702 2022 892 2099 condiscipuli
911 2021 1061 2089 memcn'c.
1092 2041 1188 2099 queu-

85 2134 172 2208 tique
192 2151 261 2192 cum
276 2133 393 2207 feccrit,
414 2134 563 2193 declarent
579 2135 642 2210 ejus
658 2133 760 2192 literae
776 2133 813 2192 ed
828 2133 971 2192 Keutium
986 2133 1071 2192 detec
1088 2151 1188 2194 mense

87 2243 195 2302 Mettio
215 2241 304 2303 1771.
334 2243 394 2302 Hes
413 2241 527 2316 litores,
547 2243 676 2319 primum
696 2262 715 2301 c
732 2242 838 2302 Rinkio
857 2243 969 2318 publici
984 2244 1061 2318 jutis
1081 2243 1187 2316 factes,

86 2371 116 2428 p.
137 2349 312 2424 tot-271,
343 2353 462 2428 repetiit
490 2352 523 2412 iu
551 2353 698 2428 opusculis
725 2352 947 2412 Ruhnkenicuis
976 2352 1187 2426 Friedemenn,

86 2461 119 2522 Τ.
140 2461 182 2521 Π.
203 2482 231 2538 p.
253 2460 424 2535 lle-715,
446 2463 572 2541 indeque
592 2462 670 2521 inter
686 2463 854 2528 Ruhnkcnii
870 2463 1013 2540 Epistolcs
1029 2464 1066 2522 cd
1081 2463 1187 2525 Diver-

86 2589 140 2630 sos.
157 2572 261 2630 retulit
287 2572 438 2645 Muhnius‚
465 2593 494 2648 p.
515 2571 644 2634 81-85.
680 2573 724 2633 De
750 2573 852 2632 Keutii
872 2593 941 2633 cum
959 2574 1133 2634 Ruhnkeuio
1153 2572 1185 2634 in

87 2681 213 2760 Collegio
241 2682 471 2760 Regicmouteuo
501 2683 727 2756 necessitudine,
753 2663 857 2760 operae
876 2685 1006 2760 pretium
1025 2688 1069 2744 est
1087 2684 1185 2762 legere

87 2809 177 2867 quae,
198 2792 294 2851 allatis
314 2792 474 2852 earundem
493 2793 647 2852 literarum
666 2794 753 2868 locis,
775 2794 892 2870 scripsit
910 2794 943 2852 F.
963 2795 1009 2854 W.
1030 2794 1184 2867 Schubcrl,

88 2900 179 2960 lmen.
201 2900 311 2960 Kaut's
332 2901 534 2979 Biopraplu‘e,
554 2902 655 2979 Leipz.
676 2901 770 2976 1842,
792 2903 819 2963 S.
841 2902 968 2964 20-23.

126 3010 158 3068 P.
178 3008 227 3068 11.
262 3009 365 3081 Quam
389 3010 577 3094 ilieolopiue]
594 3013 742 3084 tonsum,
769 3014 958 3089 quemobrem
985 3033 1002 3072 e
1028 3012 1186 3090 Theolcgie

89 3137 223 3179 eversum
249 3120 380 3178 animum
399 3121 535 3181 habuerit
553 3122 760 3195 Ruhnkenius,
785 3142 804 3182 e
831 3122 975 3184 severiore
994 3122 1186 3184 Frideiicicui

88 3229 205 3307 Collegii
224 3229 375 3306 disciplina
393 3233 513 3308 repetiit
531 3233 655 3292 Rinkius
674 3254 704 3310 p.
723 3233 773 3293 83.
844 3261 847 3272 ·

125 3340 157 3398 P.
177 3337 227 3398 18.
249 3337 314 3398 Hoc
333 3340 471 3417 amplo
491 3342 613 3402 discam
628 3343 772 3421 jecceues,
793 3341 862 3424 cc't]
884 3344 924 3402 Μ.
944 3343 1125 3420 wydemanni
1144 3343 1183 3404 ed

85 3424 341 3524 wytunbuhium
356 3468 444 3527 super
457 3451 512 3510 hoc
528 3452 591 3513 loco
607 3453 774 3530 epistolem,
797 3454 833 3512 ed
850 3471 939 3529 quum
954 3453 1084 3530 pertinet
1091 3453 1184 3528 hujus
1295 3475 1299 3484 ·

86 3577 254 3634 responsum
274 3559 383 3618 Annot.
410 3580 439 3636 p.
460 3559 520 3620 364
539 3579 598 3639 sq.‚
620 3562 713 3622 edidit
731 3563 866 3637 Mehuiue
885 3562 917 3622 in
937 3564 1084 3640 Supplem.
1105 3563 1182 3638 Epp.

86 3669 199 3729 Ruhuk.
219 3671 251 3728 et
267 3669 416 3746 Wyttenb.
434 3690 462 3747 p.
484 3670 524 3731 58
543 3691 605 3749 sqq.

123 3778 155 3836 P.
181 3775 229 3837 19.
276 3776 454 3840 Gerardum
482 3779 736 3864 Meuuouuuu]
773 3783 858 3858 cujus
882 3783 1033 3860 Ellopium,
1061 3783 1182 3842 auctore

89 3887 116 3946 G.
136 3886 168 3946 G.
196 3887 325 3964 Heynio,
353 3893 448 3966 exstet
466 3891 498 3950 in
518 3892 678 3952 comment.
701 3893 832 3972 Gotting.
851 3892 953 3952 histor.
974 3895 1005 3951 ct
1023 3892 1123 3968 philol.
1145 3892 1181 3963 Τ,

86 3990 139 4056 ΙΠ.
164 4017 193 4075 p.
222 3997 282 4058 129
311 4019 373 4078 sqq.
399 4002 453 4061 ubi
478 4002 550 4060 item
577 4022 605 4078 p.
626 4001 685 4062 132
705 4003 873 4062 Ruhnkenii
892 4002 1003 4062 mentio
1022 4002 1070 4077 fit,
1090 4021 1180 4080 quem

85 4107 131 4166 ille
152 4109 256 4168 studiis
276 4109 375 4170 iretris
393 4105 440 4170 s'ui
458 4112 578 4171 minoris
594 4113 741 4189 praefecit.
753 4142 790 4154 -
806 4113 950 4172 Joeuuem
966 4113 1047 4187 item,
1059 4114 1181 4176 Gererdi

87 4215 188 4291 lilium,
216 4220 354 4295 piivstim
378 4221 478 4281 literas
498 4221 620 4282 Graecas
640 4223 770 4284 docuisse
786 4223 1009 4298 cupientem,
1029 4225 1113 4286 testis
1132 4226 1181 4284 est

87 4325 120 4384 Η.
138 4327 167 4386 0.
188 4329 308 4391 cresin
328 4331 375 4391 Jo.
396 4331 576 4394 Mcermeuui
595 4333 717 4410 Elepp.
738 4331 786 4392 12.
