3064 5210
457 451 499 514 aa
531 449 626 510 utam
649 420 853 506 1111111111
1157 441 1198 503 19
1306 511 1308 517 ,

89 632 368 712 Argentoratensis,
396 616 585 688 annotatione
611 645 680 698 ms;
708 623 921 685 deindeNotis
944 621 1197 685 (11.8111111111111

91 743 257 822 Phrynichi
282 743 404 818 Eclogas
429 739 596 798 Atticorum
623 737 775 796 nominum
802 741 843 794 et·
858 736 1029 808 verborum,
1066 736 1198 811 subjecte

91 857 226 915 duorum
246 853 327 912 codd.
343 869 398 910 ms.
415 850 583 920 collatione,
611 848 738 924 denique
753 845 913 923 Phrynichi
928 846 1081 922 Apparotu
1096 846 1198 923 Sophi·
1292 865 1295 872 ·

91 966 172 1024 stico
199 963 322 1034 Graeco,
350 981 367 1020 e
390 961 472 1020 codd.
492 957 694 1034 transscripta,
723 975 790 1015 cum
813 955 944 1030 ejrosdem
966 953 1102 1015 Satttatt
1121 956 1198 1016 notis

94 1093 166 1134 mss.
194 1073 298 1133 Omnia
324 1059 513 1146 autographa.
553 1067 712 1144 Phrynichi
742 1065 817 1124 hanc
847 1068 1084 1142 προπαρασκευὴ
1109 1067 1197 1142 prod-

95 1184 165 1243 iisse
184 1183 217 1242 in
236 1181 364 1242 Bekkeri
383 1179 493 1238 Anecd.
514 1178 632 1237 Graecis
650 1154 700 1238 vii
720 1195 792 1252 opus
812 1178 856 1234 est
872 1193 999 1234 monere.

138 1297 173 1355 P.
184 1293 253 1354 200.
279 1292 436 1364 timaeus,
461 1287 530 1370 cot]
551 1288 594 1348 De
614 1288 668 1346 hac
684 1289 776 1346 altera
792 1286 903 1346 Timaei
913 1285 1041 1346 editione
1051 1287 1109 1348 vid.
1122 1307 1198 1364 quac

94 1406 227 1465 diximus
246 1377 335 1479 supro
353 1402 391 1460 od
409 1421 437 1477 p.
458 1397 526 1459 185.
748 1378 753 1388 ⁸

139 1515 173 1574 Ρ.
194 1511 263 1573 201.
293 1511 332 1570 Io
362 1509 481 1570 Murato
504 1507 601 1586 plone
624 1524 737 1566 nocam
763 1523 893 1584 ccchcc
911 1505 1052 1565 codicum
1070 1509 1206 1580 occavit,

96 1621 250 1704 operum]
272 1622 313 1681 (tf.
331 1620 458 1680 Praefat.
477 1621 578 1678 nostru
598 1618 635 1676 od
654 1616 760 1693 Opnsc.
780 1637 809 1694 p.
829 1616 946 1676 XLVII.
976 1617 1085 1676 Mureti
1104 1617 1200 1698 Opera
1240 1616 1247 1634 ⁴

96 1736 199 1796 omnis
224 1753 260 1794 ex
285 1751 352 1792 mss.
379 1733 466 1790 aucta
489 1731 520 1788 et
540 1709 710 1796 emendato,
729 1747 799 1786 cum
817 1727 900 1787 brevi
919 1726 1105 1787 adnotatione
1124 1728 1197 1790 Dav.

96 1843 284 1918 Ruhnkenii,
312 1827 486 1918 selectisque
506 1839 632 1898 aliorum
652 1841 683 1898 et
702 1839 763 1898 suis
782 1838 1019 1898 adnotationibus
1037 1839 1197 1912 instructo,

98 1957 198 2014 denno
218 1954 304 2013 edere
323 1952 456 2012 instituit
478 1949 548 2011 Car.
570 1949 667 2009 Henr.
691 1949 864 2023 Frotschcr,
886 1949 961 2008 Phil.
983 1949 1065 2009 Dect.
1085 1953 1116 2010 ot
1131 1952 1199 2012 Pro
1259 1991 1262 1998 -

101 2065 193 2124 fossor
211 2062 375 2140 Lipsiensis.
398 2061 487 2137 cujus
507 2060 637 2119 instruo
654 2059 1071 2136 pronaumcouovoumna,
1090 2045 1146 2120 ret
1155 2061 1197 2122 11.

101 2174 217 2250 Lipsiae
245 2171 344 2245 18343
377 2160 525 2248 complexo
553 2171 662 2229 Mureti
673 2169 842 2230 'Orationes
868 2172 899 2228 et
921 2168 1077 2246 Optuch
1094 2173 1221 2248 caua,

100 2285 293 2360 ejusdemque
310 2281 462 2362 Epistolas
478 2277 509 2339 'at
529 2279 684 2338 Portunata.
706 2280 840 2340 Tertium
854 2279 1007 2354 volumen,
1034 2281 1199 2342 Variacum

102 2394 285 2462 Lectionum
303 2383 393 2452 libros
410 2393 440 2450 et
453 2390 680 2450 Observationes
695 2389 783 2450 Jcm's
799 2391 967 2464 continens,
983 2393 1153 2470 recognovit
1168 2397 1199 2453 et

101 2503 337 2563 adnotationibus
363 2501 517 2561 instruxit
531 2499 637 2576 Geo'rp.
664 2500 740 2559 Aeo.
770 2499 861 2559 Koch.
889 2500 965 2559 lbid.
992 2500 1081 2562 1811.
1109 2504 1199 2563 Plura

102 2614 241 2690 prodiisse
265 2631 326 2672 non
350 2613 498 2674 videntur.
534 2610 652 2670 Consilii
675 2611 723 2670 sui
741 2609 869 2669 rationes
887 2611 920 2670 in
939 2612 1090 2672 Protemio
1109 2613 1199 2690 expo-

102 2725 162 2783 suit
188 2723 391 2793 Frotscheme,
420 2723 512 2782 fossus
541 2721 757 2780 »emendatiora
783 2721 913 2779 nuncet
937 2720 1083 2796 pleniora,
1108 2743 1197 2799 quam

89 2833 184 2893 dedit
202 2852 334 2893 summus
352 2833 558 2905 Ruhnkenius,
579 2831 689 2890 Mureti
708 2850 796 2906 opera
814 2830 972 2889 exhiberi.'’
994 2831 1077 2900 Quod
1098 2823 1198 2910 cujus-

103 2945 181 3004 modi
206 2945 260 3018 sit,
287 2963 348 3002 non
373 2942 538 3002 statuimus.
569 2943 658 3000 Plura
683 2942 772 3000 etiam
791 2936 1058 3016 promittuntur'in
1078 2947 1199 3004 annoto⁴

104 3053 232 3112 tionibus
252 3051 480 3111 Ruhnkenianua
496 3052 674 3111 Praefationi
689 3051 844 3126 subjectio,
866 3051 898 3110 in
914 3054 1064 3128 posterum
1076 3054 1197 3113 edenda.

106 3162 212 3222 Mureti
229 3161 395 3221 Venturum
416 3161 596 3221 Lectionum
612 3159 717 3233 lib'ros,
738 3161 894 3236 separatim
910 3181 928 3219 a
944 3163 1022 3222 Frid.
1033 3164 1110 3241 Aug.
1122 3165 1200 3223 Wol-

106 3272 143 3331 fio
162 3273 209 3331 edi
232 3273 360 3348 coeptos,
381 3271 521 3348 prodiisse
542 3271 624 3329 Halis
642 3271 707 3328 Sax.
729 3269 805 3329 1791
829 3273 860 3329 et
880 3270 975 3345 1828,
996 3272 1110 3334 duobus
1129 3275 1198 3335 v'oll.

105 3387 134 3442 et
151 3381 272 3458 Scripta
289 3381 412 3454 selecta,
434 3377 556 3440 mirante
577 3381 639 3439 Gar.
650 3381 724 3439 Phil.
735 3381 861 3458 Kayser,
882 3381 1092 3461 Heidelbergae
1102 3382 1198 3456 1809,

105 3511 122 3552 a
140 3491 362 3570 Wyttenbuchio
381 3491 504 3550 Philum.
526 3490 559 3550 1..
575 3490 600 3550 I.
618 3510 647 3566 p.
658 3489 717 3548 208
727 3510 770 3566 sq.
791 3493 1005 3567 commendata,
1025 3497 1130 3553 notum
1146 3496 1198 3552 est.

105 3603 248 3662 Mittimus
272 3602 349 3674 ulis,
374 3621 392 3660 a
420 3601 632 3659 Friedemanno
659 3600 747 3657 allato
771 3599 953 3660 adPraefut.
976 3603 1013 3660 ad
1033 3577 1200 3664 Ruhnlrem'i

107 3711 265 3788 Opuscula,
285 3711 330 3771 ed.
351 3712 476 3772 Brunsv.
494 3731 522 3786 p.
533 3709 590 3770 III.
612 3709 654 3768 De
672 3709 780 3768 Mureti
791 3710 1005 3768 commentariis
1014 3711 1047 3768 in
1057 3711 1198 3770 ltousardi
1279 3758 1281 3760 .

108 3821 224 3882 Amores
251 3821 418 3894 villemani,
448 3839 466 3879 a
492 3819 667 3879 Ruhnkenio
692 3817 905 3893 dissentientis,
929 3819 1075 3894 judicium
1095 3821 1198 3881 retulit
1246 3873 1248 3876 ,
1284 3879 1287 3885 ,

107 3931 138 3990 F.
164 3933 198 3992 A.
227 3931 306 3993 Wolf
325 3933 357 3992 in
376 3931 462 3991 Amol.
484 3931 574 3989 Liter.
595 3929 627 3988 P.
649 3930 689 3988 H.
708 3951 737 4006 p.
757 3927 826 3988 loo.
857 3929 891 3988 D.
913 3928 1080 3988 Ruhnkenii
1104 3931 1197 3992 Notos

105 4043 305 4119 grammaticas
333 4043 364 4100 et
390 4040 423 4099 L.
450 4040 582 4099 Santonii
601 4040 692 4098 Notas
712 4039 893 4115 prosodiacos
912 4039 944 4097 in
962 4039 1070 4098 Mureti
1089 4041 1199 4118 scripto

106 4153 258 4229 separatim
266 4150 447 4211 recudendas
457 4150 572 4211 curavit
582 4151 628 4210 l'r.
639 4150 895 4220 tultriedemmn,
908 4148 1145 4210 11111111111822,
1156 4151 1198 4212 8³.

142 4261 292 4333 Ostorium,
321 4279 410 4336 quom
438 4259 557 4318 Murato
582 4280 700 4336 operam
726 4260 874 4336 praestitit
893 4259 1100 4330 Ruhnkenius‚
1125 4281 1202 4320 enni

108 4371 169 4429 dem
195 4374 247 4430 eut
273 4370 398 4430 similem
425 4370 580 4446 aliquando
608 4370 804 4428 destinaverat
823 4367 925 4429 Jocco.
950 4368 1140 4440 Camerario,
1163 4371 1199 4428 do

1036 4486 1049 4527 1
