<?xml version="1.0" encoding="UTF-8"?>
<!DOCTYPE html PUBLIC "-//W3C//DTD XHTML 1.0 Transitional//EN"
    "http://www.w3.org/TR/xhtml1/DTD/xhtml1-transitional.dtd">
<html xmlns="http://www.w3.org/1999/xhtml" xml:lang="en" lang="en">
 <head>
  <title>
</title>
<meta http-equiv="Content-Type" content="text/html;charset=utf-8" />
  <meta name='ocr-system' content='tesseract 3.04.00' />
  <meta name='ocr-capabilities' content='ocr_page ocr_carea ocr_par ocr_line ocrx_word'/>
</head>
<body>
  <div class='ocr_page' id='page_1' title='image "./supplementaanno00mahngoog_0028.png"; bbox 0 0 3064 5210; ppageno 0'>
   <div class='ocr_carea' id='block_1_1' title="bbox 482 449 1219 510">
    <p class='ocr_par' dir='ltr' id='par_1_1' title="bbox 482 449 1219 510">
     <span class='ocr_line' id='line_1_1' title="bbox 482 449 1219 510; baseline -0.001 -1"><span class='ocrx_word' id='word_1_1' title='bbox 482 453 523 510; x_wconf 84' lang='lat' dir='ltr'><strong>ool</strong></span> <span class='ocrx_word' id='word_1_2' title='bbox 551 452 650 510; x_wconf 75' lang='lat' dir='ltr'><strong>Vicum</strong></span> <span class='ocrx_word' id='word_1_3' title='bbox 673 452 861 510; x_wconf 77' lang='lat' dir='ltr'><strong>liubuleeoii.</strong></span> <span class='ocrx_word' id='word_1_4' title='bbox 1180 449 1219 508; x_wconf 84' lang='lat'><strong>15</strong></span> 
     </span>
    </p>
   </div>
   <div class='ocr_carea' id='block_1_2' title="bbox 119 627 1220 704">
    <p class='ocr_par' dir='ltr' id='par_1_2' title="bbox 119 627 1220 704">
     <span class='ocr_line' id='line_1_2' title="bbox 119 627 1220 704; baseline -0.002 -18"><span class='ocrx_word' id='word_1_5' title='bbox 119 651 192 690; x_wconf 89' lang='lat' dir='ltr'><strong>rum</strong></span> <span class='ocrx_word' id='word_1_6' title='bbox 214 632 311 690; x_wconf 89' lang='lat' dir='ltr'><strong>studia</strong></span> <span class='ocrx_word' id='word_1_7' title='bbox 332 631 450 701; x_wconf 85' lang='lat' dir='ltr'><strong>alenda,</strong></span> <span class='ocrx_word' id='word_1_8' title='bbox 471 630 623 688; x_wconf 79' lang='lat' dir='ltr'><strong>excitanda</strong></span> <span class='ocrx_word' id='word_1_9' title='bbox 644 633 674 687; x_wconf 88' lang='lat' dir='ltr'><strong>et</strong></span> <span class='ocrx_word' id='word_1_10' title='bbox 694 629 889 704; x_wconf 87' lang='lat' dir='ltr'><strong>promovenda</strong></span> <span class='ocrx_word' id='word_1_11' title='bbox 909 627 1098 687; x_wconf 74' lang='lat' dir='ltr'><strong>emolumenti</strong></span> <span class='ocrx_word' id='word_1_12' title='bbox 1118 629 1220 686; x_wconf 87' lang='lat' dir='ltr'><strong>eontu—</strong></span> 
     </span>
    </p>
   </div>
   <div class='ocr_carea' id='block_1_3' title="bbox 117 737 1304 2576">
    <p class='ocr_par' dir='ltr' id='par_1_3' title="bbox 117 737 1221 1035">
     <span class='ocr_line' id='line_1_3' title="bbox 117 737 1221 816; baseline -0.002 -19"><span class='ocrx_word' id='word_1_13' title='bbox 117 740 193 798; x_wconf 76' lang='lat' dir='ltr'><strong>lerIt</strong></span> <span class='ocrx_word' id='word_1_14' title='bbox 222 740 306 799; x_wconf 83' lang='lat' dir='ltr'><strong>Vltae</strong></span> <span class='ocrx_word' id='word_1_15' title='bbox 335 740 564 799; x_wconf 83' lang='lat' dir='ltr'><strong>Ruhnkenianae</strong></span> <span class='ocrx_word' id='word_1_16' title='bbox 592 739 697 797; x_wconf 88' lang='lat' dir='ltr'><strong>diurna</strong></span> <span class='ocrx_word' id='word_1_17' title='bbox 722 740 925 816; x_wconf 79' lang='lat' dir='ltr'><strong>nocturnaque</strong></span> <span class='ocrx_word' id='word_1_18' title='bbox 951 739 1036 797; x_wconf 84' lang='lat' dir='ltr'><strong>leetio</strong></span> <span class='ocrx_word' id='word_1_19' title='bbox 1063 737 1142 813; x_wconf 84' lang='lat' dir='ltr'><strong>apud</strong></span> <span class='ocrx_word' id='word_1_20' title='bbox 1170 755 1221 796; x_wconf 87' lang='lat' dir='ltr'><strong>eos</strong></span> 
     </span>
     <span class='ocr_line' id='line_1_4' title="bbox 117 849 385 928; baseline -0.004 -18"><span class='ocrx_word' id='word_1_21' title='bbox 117 849 258 926; x_wconf 61' lang='lat' dir='ltr'><strong>quidem5</strong></span> <span class='ocrx_word' id='word_1_22' title='bbox 277 851 385 928; x_wconf 86' lang='lat' dir='ltr'><strong>quibus</strong></span> 
     </span>
     <span class='ocr_line' id='line_1_5' title="bbox 299 952 1002 1035; baseline 0.001 -17"><span class='ocrx_word' id='word_1_23' title='bbox 299 961 338 1018; x_wconf 86' lang='lat' dir='ltr'><strong>de</strong></span> <span class='ocrx_word' id='word_1_24' title='bbox 358 959 566 1020; x_wconf 71' lang='lat' dir='ltr'><strong>melimelum</strong></span> <span class='ocrx_word' id='word_1_25' title='bbox 584 959 677 1035; x_wconf 74' lang='lat' dir='ltr'><strong>firauit</strong></span> <span class='ocrx_word' id='word_1_26' title='bbox 694 952 878 1034; x_wconf 64' lang='lat' dir='ltr'><strong>praecordia</strong></span> <span class='ocrx_word' id='word_1_27' title='bbox 902 958 1002 1019; x_wconf 77' lang='lat' dir='ltr'><strong>Titan.</strong></span> 
     </span>
    </p>

    <p class='ocr_par' dir='ltr' id='par_1_4' title="bbox 117 1068 1304 2576">
     <span class='ocr_line' id='line_1_6' title="bbox 161 1068 1220 1149; baseline -0.005 -19"><span class='ocrx_word' id='word_1_28' title='bbox 161 1072 253 1130; x_wconf 79' lang='lat' dir='ltr'><strong>Erant</strong></span> <span class='ocrx_word' id='word_1_29' title='bbox 273 1071 325 1130; x_wconf 85' lang='lat' dir='ltr'><strong>illa</strong></span> <span class='ocrx_word' id='word_1_30' title='bbox 345 1071 465 1149; x_wconf 87' lang='lat' dir='ltr'><strong>quidem</strong></span> <span class='ocrx_word' id='word_1_31' title='bbox 485 1073 595 1142; x_wconf 86' lang='lat' dir='ltr'><strong>aetate,</strong></span> <span class='ocrx_word' id='word_1_32' title='bbox 619 1068 655 1128; x_wconf 90' lang='lat' dir='ltr'><strong>de</strong></span> <span class='ocrx_word' id='word_1_33' title='bbox 677 1087 736 1146; x_wconf 85' lang='lat' dir='ltr'><strong>qua</strong></span> <span class='ocrx_word' id='word_1_34' title='bbox 754 1069 918 1144; x_wconf 87' lang='lat' dir='ltr'><strong>loquimur,</strong></span> <span class='ocrx_word' id='word_1_35' title='bbox 939 1087 1010 1128; x_wconf 79' lang='lat' dir='ltr'><strong>nam</strong></span> <span class='ocrx_word' id='word_1_36' title='bbox 1026 1073 1061 1128; x_wconf 89' lang='lat' dir='ltr'><strong>ut</strong></span> <span class='ocrx_word' id='word_1_37' title='bbox 1079 1087 1158 1128; x_wconf 90' lang='lat' dir='ltr'><strong>nune</strong></span> <span class='ocrx_word' id='word_1_38' title='bbox 1175 1071 1220 1126; x_wconf 84' lang='lat' dir='ltr'><strong>ast</strong></span> 
     </span>
     <span class='ocr_line' id='line_1_7' title="bbox 117 1178 1220 1258; baseline -0.001 -20"><span class='ocrx_word' id='word_1_39' title='bbox 117 1181 208 1240; x_wconf 83' lang='lat' dir='ltr'><strong>hodie</strong></span> <span class='ocrx_word' id='word_1_40' title='bbox 234 1181 337 1258; x_wconf 80' lang='lat' dir='ltr'><strong>vigent</strong></span> <span class='ocrx_word' id='word_1_41' title='bbox 357 1179 413 1239; x_wconf 86' lang='lat' dir='ltr'><strong>alia</strong></span> <span class='ocrx_word' id='word_1_42' title='bbox 433 1179 545 1250; x_wconf 86' lang='lat' dir='ltr'><strong>studia,</strong></span> <span class='ocrx_word' id='word_1_43' title='bbox 572 1178 621 1236; x_wconf 87' lang='lat' dir='ltr'><strong>alii</strong></span> <span class='ocrx_word' id='word_1_44' title='bbox 640 1197 750 1252; x_wconf 78' lang='lat' dir='ltr'><strong>morea,</strong></span> <span class='ocrx_word' id='word_1_45' title='bbox 770 1180 801 1237; x_wconf 91' lang='lat' dir='ltr'><strong>et</strong></span> <span class='ocrx_word' id='word_1_46' title='bbox 820 1179 870 1238; x_wconf 82' lang='lat' dir='ltr'><strong>vix</strong></span> <span class='ocrx_word' id='word_1_47' title='bbox 889 1179 1028 1255; x_wconf 86' lang='lat' dir='ltr'><strong>amplius,</strong></span> <span class='ocrx_word' id='word_1_48' title='bbox 1048 1179 1150 1256; x_wconf 80' lang='lat' dir='ltr'><strong>paucis</strong></span> <span class='ocrx_word' id='word_1_49' title='bbox 1170 1198 1220 1237; x_wconf 88' lang='lat' dir='ltr'><strong>ex-</strong></span> 
     </span>
     <span class='ocr_line' id='line_1_8' title="bbox 117 1288 1223 1366; baseline -0.002 -18"><span class='ocrx_word' id='word_1_50' title='bbox 117 1289 226 1366; x_wconf 88' lang='lat' dir='ltr'><strong>eeptis,</strong></span> <span class='ocrx_word' id='word_1_51' title='bbox 243 1290 322 1350; x_wconf 87' lang='lat' dir='ltr'><strong>inter</strong></span> <span class='ocrx_word' id='word_1_52' title='bbox 339 1291 415 1366; x_wconf 87' lang='lat' dir='ltr'><strong>ipsos</strong></span> <span class='ocrx_word' id='word_1_53' title='bbox 432 1289 596 1348; x_wconf 86' lang='lat' dir='ltr'><strong>Literarum</strong></span> <span class='ocrx_word' id='word_1_54' title='bbox 611 1289 818 1348; x_wconf 79' lang='lat' dir='ltr'><strong>humaniorum</strong></span> <span class='ocrx_word' id='word_1_55' title='bbox 836 1290 979 1350; x_wconf 87' lang='lat' dir='ltr'><strong>studIosos</strong></span> <span class='ocrx_word' id='word_1_56' title='bbox 996 1289 1132 1366; x_wconf 83' lang='lat' dir='ltr'><strong>cognitus</strong></span> <span class='ocrx_word' id='word_1_57' title='bbox 1145 1288 1223 1347; x_wconf 88' lang='lat' dir='ltr'><strong>liber</strong></span> 
     </span>
     <span class='ocr_line' id='line_1_9' title="bbox 120 1398 1251 1478; baseline -0.002 -19"><span class='ocrx_word' id='word_1_58' title='bbox 120 1404 176 1460; x_wconf 87' lang='lat' dir='ltr'><strong>aut</strong></span> <span class='ocrx_word' id='word_1_59' title='bbox 204 1402 238 1460; x_wconf 87' lang='lat' dir='ltr'><strong>iu</strong></span> <span class='ocrx_word' id='word_1_60' title='bbox 263 1401 398 1460; x_wconf 87' lang='lat' dir='ltr'><strong>manibus</strong></span> <span class='ocrx_word' id='word_1_61' title='bbox 425 1402 482 1472; x_wconf 88' lang='lat' dir='ltr'><strong>est;</strong></span> <span class='ocrx_word' id='word_1_62' title='bbox 514 1401 599 1458; x_wconf 86' lang='lat' dir='ltr'><strong>erant</strong></span> <span class='ocrx_word' id='word_1_63' title='bbox 621 1399 730 1477; x_wconf 81' lang='lat' dir='ltr'><strong>igitm,</strong></span> <span class='ocrx_word' id='word_1_64' title='bbox 758 1401 810 1476; x_wconf 93' lang='lat' dir='ltr'><strong>qui</strong></span> <span class='ocrx_word' id='word_1_65' title='bbox 828 1399 1002 1458; x_wconf 84' lang='lat' dir='ltr'><strong>narrationis</strong></span> <span class='ocrx_word' id='word_1_66' title='bbox 1023 1398 1169 1478; x_wconf 74' lang='lat' dir='ltr'>elegantia</span> <span class='ocrx_word' id='word_1_67' title='bbox 1188 1401 1219 1457; x_wconf 85' lang='lat' dir='ltr'><strong>et</strong></span> <span class='ocrx_word' id='word_1_68' title='bbox 1248 1469 1251 1476; x_wconf 32' lang='grc' dir='ltr'>Ι</span> 
     </span>
     <span class='ocr_line' id='line_1_10' title="bbox 120 1490 1219 1587; baseline -0.004 -17"><span class='ocrx_word' id='word_1_69' title='bbox 120 1513 268 1574; x_wconf 74' lang='lat' dir='ltr'><strong>suavitate</strong></span> <span class='ocrx_word' id='word_1_70' title='bbox 284 1511 378 1586; x_wconf 89' lang='lat' dir='ltr'><strong>eapti,</strong></span> <span class='ocrx_word' id='word_1_71' title='bbox 395 1529 448 1570; x_wconf 86' lang='lat' dir='ltr'><strong>nee</strong></span> <span class='ocrx_word' id='word_1_72' title='bbox 464 1510 562 1569; x_wconf 89' lang='lat' dir='ltr'><strong>minus</strong></span> <span class='ocrx_word' id='word_1_73' title='bbox 579 1510 746 1587; x_wconf 85' lang='lat' dir='ltr'><strong>argumenti</strong></span> <span class='ocrx_word' id='word_1_74' title='bbox 762 1509 896 1568; x_wconf 84' lang='lat' dir='ltr'><strong>ubertate</strong></span> <span class='ocrx_word' id='word_1_75' title='bbox 906 1490 1126 1584; x_wconf 76' lang='lat' dir='ltr'><strong>salubriumque</strong></span> <span class='ocrx_word' id='word_1_76' title='bbox 1136 1527 1219 1584; x_wconf 88' lang='lat' dir='ltr'><strong>prae-</strong></span> 
     </span>
     <span class='ocr_line' id='line_1_11' title="bbox 119 1616 1219 1698; baseline -0.002 -19"><span class='ocrx_word' id='word_1_77' title='bbox 119 1624 274 1697; x_wconf 82' lang='lat' dir='ltr'><strong>ceptorum</strong></span> <span class='ocrx_word' id='word_1_78' title='bbox 293 1620 424 1679; x_wconf 86' lang='lat' dir='ltr'><strong>utilitate</strong></span> <span class='ocrx_word' id='word_1_79' title='bbox 444 1620 533 1691; x_wconf 89' lang='lat' dir='ltr'><strong>moti,</strong></span> <span class='ocrx_word' id='word_1_80' title='bbox 560 1620 646 1677; x_wconf 90' lang='lat' dir='ltr'><strong>illum</strong></span> <span class='ocrx_word' id='word_1_81' title='bbox 665 1619 726 1678; x_wconf 88' lang='lat' dir='ltr'><strong>fere</strong></span> <span class='ocrx_word' id='word_1_82' title='bbox 746 1640 899 1698; x_wconf 89' lang='lat' dir='ltr'><strong>nunquam</strong></span> <span class='ocrx_word' id='word_1_83' title='bbox 920 1620 955 1678; x_wconf 90' lang='lat' dir='ltr'><strong>de</strong></span> <span class='ocrx_word' id='word_1_84' title='bbox 973 1620 1109 1680; x_wconf 86' lang='lat' dir='ltr'><strong>manibus</strong></span> <span class='ocrx_word' id='word_1_85' title='bbox 1129 1616 1219 1694; x_wconf 86' lang='lat' dir='ltr'><strong>depo-</strong></span> 
     </span>
     <span class='ocr_line' id='line_1_12' title="bbox 117 1728 1219 1807; baseline 0 -19"><span class='ocrx_word' id='word_1_86' title='bbox 117 1734 225 1789; x_wconf 78' lang='lat' dir='ltr'><strong>nerent</strong></span> <span class='ocrx_word' id='word_1_87' title='bbox 246 1730 434 1806; x_wconf 85' lang='lat' dir='ltr'><strong>ejusdemque</strong></span> <span class='ocrx_word' id='word_1_88' title='bbox 454 1728 627 1807; x_wconf 80' lang='lat' dir='ltr'><strong>insigniores</strong></span> <span class='ocrx_word' id='word_1_89' title='bbox 646 1731 722 1789; x_wconf 91' lang='lat' dir='ltr'><strong>loeos</strong></span> <span class='ocrx_word' id='word_1_90' title='bbox 742 1729 822 1788; x_wconf 90' lang='lat' dir='ltr'><strong>fideli</strong></span> <span class='ocrx_word' id='word_1_91' title='bbox 838 1731 994 1794; x_wconf 83' lang='lat' dir='ltr'><strong>memoriae</strong></span> <span class='ocrx_word' id='word_1_92' title='bbox 1010 1730 1163 1806; x_wconf 88' lang='lat' dir='ltr'><strong>impressos</strong></span> <span class='ocrx_word' id='word_1_93' title='bbox 1173 1731 1219 1788; x_wconf 87' lang='lat' dir='ltr'><strong>te·</strong></span> 
     </span>
     <span class='ocr_line' id='line_1_13' title="bbox 117 1839 1218 1916; baseline 0 -18"><span class='ocrx_word' id='word_1_94' title='bbox 117 1841 224 1898; x_wconf 77' lang='lat' dir='ltr'><strong>nerent</strong></span> <span class='ocrx_word' id='word_1_95' title='bbox 244 1841 276 1898; x_wconf 87' lang='lat' dir='ltr'><strong>et</strong></span> <span class='ocrx_word' id='word_1_96' title='bbox 295 1839 456 1900; x_wconf 85' lang='lat' dir='ltr'><strong>identidem</strong></span> <span class='ocrx_word' id='word_1_97' title='bbox 474 1839 551 1897; x_wconf 85' lang='lat' dir='ltr'><strong>alara</strong></span> <span class='ocrx_word' id='word_1_98' title='bbox 568 1857 637 1900; x_wconf 86' lang='lat' dir='ltr'><strong>vooe</strong></span> <span class='ocrx_word' id='word_1_99' title='bbox 655 1840 821 1898; x_wconf 86' lang='lat' dir='ltr'><strong>recitarent.</strong></span> <span class='ocrx_word' id='word_1_100' title='bbox 842 1841 941 1900; x_wconf 82' lang='lat' dir='ltr'><strong>Testes</strong></span> <span class='ocrx_word' id='word_1_101' title='bbox 957 1840 982 1900; x_wconf 88' lang='lat' dir='ltr'><strong>si</strong></span> <span class='ocrx_word' id='word_1_102' title='bbox 999 1840 1065 1915; x_wconf 90' lang='lat' dir='ltr'><strong>quis</strong></span> <span class='ocrx_word' id='word_1_103' title='bbox 1080 1843 1218 1916; x_wconf 86' lang='lat' dir='ltr'><strong>quaerat,</strong></span> 
     </span>
     <span class='ocr_line' id='line_1_14' title="bbox 118 1948 1219 2024; baseline 0.002 -18"><span class='ocrx_word' id='word_1_104' title='bbox 118 1949 190 2008; x_wconf 88' lang='lat' dir='ltr'><strong>satis</strong></span> <span class='ocrx_word' id='word_1_105' title='bbox 207 1950 264 2008; x_wconf 85' lang='lat' dir='ltr'><strong>erit</strong></span> <span class='ocrx_word' id='word_1_106' title='bbox 284 1949 388 2008; x_wconf 85' lang='lat' dir='ltr'><strong>afferre</strong></span> <span class='ocrx_word' id='word_1_107' title='bbox 407 1949 557 2008; x_wconf 87' lang='lat' dir='ltr'><strong>laudabile</strong></span> <span class='ocrx_word' id='word_1_108' title='bbox 577 1950 742 2024; x_wconf 85' lang='lat' dir='ltr'><strong>exemplum</strong></span> <span class='ocrx_word' id='word_1_109' title='bbox 763 1951 793 2007; x_wconf 87' lang='lat' dir='ltr'><strong>et</strong></span> <span class='ocrx_word' id='word_1_110' title='bbox 811 1949 997 2007; x_wconf 75' lang='lat' dir='ltr'><strong>luculentum</strong></span> <span class='ocrx_word' id='word_1_111' title='bbox 1015 1948 1219 2012; x_wconf 86' lang='lat' dir='ltr'><strong>testimonium</strong></span> 
     </span>
     <span class='ocr_line' id='line_1_15' title="bbox 119 2057 1220 2134; baseline 0.001 -18"><span class='ocrx_word' id='word_1_112' title='bbox 119 2057 224 2117; x_wconf 85' lang='lat' dir='ltr'><strong>Jaoobi</strong></span> <span class='ocrx_word' id='word_1_113' title='bbox 241 2058 458 2130; x_wconf 80' lang='lat' dir='ltr'><strong>Amersioordt,</strong></span> <span class='ocrx_word' id='word_1_114' title='bbox 478 2059 510 2116; x_wconf 91' lang='lat' dir='ltr'><strong>in</strong></span> <span class='ocrx_word' id='word_1_115' title='bbox 528 2058 647 2117; x_wconf 86' lang='lat' dir='ltr'><strong>Dissert.</strong></span> <span class='ocrx_word' id='word_1_116' title='bbox 665 2058 764 2134; x_wconf 84' lang='lat' dir='ltr'><strong>philol.</strong></span> <span class='ocrx_word' id='word_1_117' title='bbox 786 2058 934 2116; x_wconf 77' lang='lat' dir='ltr'><strong>devertis</strong></span> <span class='ocrx_word' id='word_1_118' title='bbox 952 2057 1128 2118; x_wconf 72' lang='lat' dir='ltr'><strong>lectionibus</strong></span> <span class='ocrx_word' id='word_1_119' title='bbox 1147 2057 1220 2117; x_wconf 64' lang='lat' dir='ltr'><strong>Hos</strong></span> 
     </span>
     <span class='ocr_line' id='line_1_16' title="bbox 119 2147 1299 2248; baseline 0.003 -23"><span class='ocrx_word' id='word_1_120' title='bbox 119 2168 268 2226; x_wconf 67' lang='lat' dir='ltr'><strong>manate</strong></span> <span class='ocrx_word' id='word_1_121' title='bbox 290 2167 425 2228; x_wconf 76' lang='lat' dir='ltr'><strong>locorum</strong></span> <span class='ocrx_word' id='word_1_122' title='bbox 446 2168 645 2245; x_wconf 79' lang='lat' dir='ltr'><strong>quorundam</strong></span> <span class='ocrx_word' id='word_1_123' title='bbox 665 2167 866 2228; x_wconf 77' lang='lat' dir='ltr'><strong>Pentateuchi</strong></span> <span class='ocrx_word' id='word_1_124' title='bbox 888 2167 1012 2227; x_wconf 80' lang='lat' dir='ltr'><strong>Moesici</strong></span> <span class='ocrx_word' id='word_1_125' title='bbox 1036 2167 1144 2248; x_wconf 84' lang='lat' dir='ltr'><strong>(Lugd.</strong></span> <span class='ocrx_word' id='word_1_126' title='bbox 1163 2169 1224 2228; x_wconf 22' lang='lat' dir='ltr'><strong>Ba*</strong></span> <span class='ocrx_word' id='word_1_127' title='bbox 1294 2147 1299 2156; x_wconf 52' lang='grc'><em>’</em></span> 
     </span>
     <span class='ocr_line' id='line_1_17' title="bbox 119 2276 1218 2356; baseline 0.004 -22"><span class='ocrx_word' id='word_1_128' title='bbox 119 2280 180 2338; x_wconf 79' lang='lat' dir='ltr'><strong>lav.</strong></span> <span class='ocrx_word' id='word_1_129' title='bbox 208 2276 302 2356; x_wconf 76' lang='lat'>1815)</span> <span class='ocrx_word' id='word_1_130' title='bbox 326 2277 449 2354; x_wconf 84' lang='lat' dir='ltr'><strong>praefat.</strong></span> <span class='ocrx_word' id='word_1_131' title='bbox 476 2299 505 2355; x_wconf 89' lang='lat' dir='ltr'><strong>p.</strong></span> <span class='ocrx_word' id='word_1_132' title='bbox 533 2276 608 2337; x_wconf 89' lang='lat' dir='ltr'>VIII</span> <span class='ocrx_word' id='word_1_133' title='bbox 631 2278 797 2336; x_wconf 80' lang='lat' dir='ltr'><strong>scribentis:</strong></span> <span class='ocrx_word' id='word_1_134' title='bbox 830 2277 966 2338; x_wconf 74' lang='lat' dir='ltr'><strong>»Laidem</strong></span> <span class='ocrx_word' id='word_1_135' title='bbox 985 2297 1087 2338; x_wconf 88' lang='lat' dir='ltr'><strong>reeens</strong></span> <span class='ocrx_word' id='word_1_136' title='bbox 1106 2278 1218 2339; x_wconf 76' lang='lat' dir='ltr'><strong>advena</strong></span> 
     </span>
     <span class='ocr_line' id='line_1_18' title="bbox 119 2387 1304 2466; baseline 0.001 -20"><span class='ocrx_word' id='word_1_137' title='bbox 119 2387 258 2447; x_wconf 78' lang='lat' dir='ltr'><strong>continuo</strong></span> <span class='ocrx_word' id='word_1_138' title='bbox 280 2407 327 2446; x_wconf 88' lang='lat' dir='ltr'><strong>me</strong></span> <span class='ocrx_word' id='word_1_139' title='bbox 347 2387 459 2448; x_wconf 80' lang='lat' dir='ltr'><strong>contuli</strong></span> <span class='ocrx_word' id='word_1_140' title='bbox 477 2388 508 2446; x_wconf 90' lang='lat' dir='ltr'><strong>in</strong></span> <span class='ocrx_word' id='word_1_141' title='bbox 526 2387 707 2463; x_wconf 81' lang='lat' dir='ltr'><strong>discipliuam</strong></span> <span class='ocrx_word' id='word_1_142' title='bbox 723 2387 939 2464; x_wconf 83' lang='lat' dir='ltr'><strong>Wyttenbaehii</strong></span> <span class='ocrx_word' id='word_1_143' title='bbox 955 2388 1018 2448; x_wconf 84' lang='lat' dir='ltr'><strong>Viri</strong></span> <span class='ocrx_word' id='word_1_144' title='bbox 1029 2389 1089 2462; x_wconf 83' lang='lat' dir='ltr'><strong>Gl.;</strong></span> <span class='ocrx_word' id='word_1_145' title='bbox 1108 2389 1218 2466; x_wconf 87' lang='lat' dir='ltr'><strong>quippe</strong></span> <span class='ocrx_word' id='word_1_146' title='bbox 1302 2419 1304 2424; x_wconf 95' lang='lat'>·</span> 
     </span>
     <span class='ocr_line' id='line_1_19' title="bbox 119 2487 1219 2576; baseline 0.002 -20"><span class='ocrx_word' id='word_1_147' title='bbox 119 2498 204 2573; x_wconf 89' lang='lat' dir='ltr'><strong>eujus</strong></span> <span class='ocrx_word' id='word_1_148' title='bbox 222 2487 457 2574; x_wconf 63' lang='lat' dir='ltr'><strong>libris-legenda,</strong></span> <span class='ocrx_word' id='word_1_149' title='bbox 478 2496 612 2574; x_wconf 87' lang='lat' dir='ltr'><strong>inprimis</strong></span> <span class='ocrx_word' id='word_1_150' title='bbox 631 2498 853 2560; x_wconf 84' lang='lat' dir='ltr'><strong>Ruhnkeuii</strong></span> <span class='ocrx_word' id='word_1_151' title='bbox 874 2498 962 2558; x_wconf 81' lang='lat' dir='ltr'><strong>Vite</strong></span> <span class='ocrx_word' id='word_1_152' title='bbox 976 2497 1219 2576; x_wconf 83' lang='lat' dir='ltr'><strong>quotidieteren-</strong></span> 
     </span>
    </p>
   </div>
   <div class='ocr_carea' id='block_1_4' title="bbox 19 2585 1410 2800">
    <p class='ocr_par' dir='ltr' id='par_1_5' title="bbox 19 2585 1410 2800">
     <span class='ocr_line' id='line_1_20' title="bbox 121 2585 1410 2684; baseline 0 -19"><span class='ocrx_word' id='word_1_153' title='bbox 121 2608 173 2680; x_wconf 79' lang='lat' dir='ltr'><strong>da,</strong></span> <span class='ocrx_word' id='word_1_154' title='bbox 193 2626 269 2682; x_wconf 86' lang='lat' dir='ltr'><strong>puer</strong></span> <span class='ocrx_word' id='word_1_155' title='bbox 288 2625 343 2684; x_wconf 84' lang='lat' dir='ltr'><strong>ego</strong></span> <span class='ocrx_word' id='word_1_156' title='bbox 361 2607 491 2683; x_wconf 84' lang='lat' dir='ltr'><strong>primum</strong></span> <span class='ocrx_word' id='word_1_157' title='bbox 512 2626 580 2666; x_wconf 88' lang='lat' dir='ltr'><strong>eum</strong></span> <span class='ocrx_word' id='word_1_158' title='bbox 599 2609 726 2668; x_wconf 85' lang='lat' dir='ltr'><strong>melioris</strong></span> <span class='ocrx_word' id='word_1_159' title='bbox 746 2609 913 2669; x_wconf 83' lang='lat' dir='ltr'><strong>Latimtatis</strong></span> <span class='ocrx_word' id='word_1_160' title='bbox 933 2611 963 2668; x_wconf 87' lang='lat' dir='ltr'><strong>et</strong></span> <span class='ocrx_word' id='word_1_161' title='bbox 982 2609 1135 2670; x_wconf 85' lang='lat' dir='ltr'><strong>universae</strong></span> <span class='ocrx_word' id='word_1_162' title='bbox 1155 2611 1226 2668; x_wconf 71' lang='lat' dir='ltr'><strong>An·</strong></span> <span class='ocrx_word' id='word_1_163' title='bbox 1334 2647 1338 2652; x_wconf 91' lang='lat'><em>-</em></span> <span class='ocrx_word' id='word_1_164' title='bbox 1407 2585 1410 2590; x_wconf 29' lang='lat'>²</span> 
     </span>
     <span class='ocr_line' id='line_1_21' title="bbox 19 2717 1260 2800; baseline 0.001 -24"><span class='ocrx_word' id='word_1_165' title='bbox 19 2791 24 2800; x_wconf 70' lang='lat'>,</span> <span class='ocrx_word' id='word_1_166' title='bbox 120 2717 281 2794; x_wconf 84' lang='lat' dir='ltr'><strong>tiquitetis,</strong></span> <span class='ocrx_word' id='word_1_167' title='bbox 308 2720 374 2776; x_wconf 86' lang='lat' dir='ltr'><strong>tum</strong></span> <span class='ocrx_word' id='word_1_168' title='bbox 402 2737 471 2777; x_wconf 91' lang='lat' dir='ltr'><strong>vero</strong></span> <span class='ocrx_word' id='word_1_169' title='bbox 496 2718 677 2778; x_wconf 84' lang='lat' dir='ltr'><strong>obtinendae·</strong></span> <span class='ocrx_word' id='word_1_170' title='bbox 697 2719 730 2780; x_wconf 88' lang='lat' dir='ltr'><strong>in</strong></span> <span class='ocrx_word' id='word_1_171' title='bbox 748 2720 901 2778; x_wconf 86' lang='lat' dir='ltr'><strong>literarum</strong></span> <span class='ocrx_word' id='word_1_172' title='bbox 920 2719 1018 2778; x_wconf 88' lang='lat' dir='ltr'><strong>studio</strong></span> <span class='ocrx_word' id='word_1_173' title='bbox 1038 2719 1128 2778; x_wconf 89' lang='lat' dir='ltr'><strong>animi</strong></span> <span class='ocrx_word' id='word_1_174' title='bbox 1148 2737 1225 2778; x_wconf 85' lang='lat' dir='ltr'><strong>oon-·</strong></span> <span class='ocrx_word' id='word_1_175' title='bbox 1256 2766 1260 2777; x_wconf 93' lang='lat'><em>.</em></span> 
     </span>
    </p>
   </div>
   <div class='ocr_carea' id='block_1_5' title="bbox 119 2827 1226 4002">
    <p class='ocr_par' dir='ltr' id='par_1_6' title="bbox 119 2827 1226 3673">
     <span class='ocr_line' id='line_1_22' title="bbox 119 2827 1226 2905; baseline 0.001 -18"><span class='ocrx_word' id='word_1_176' title='bbox 119 2828 259 2901; x_wconf 81' lang='lat' dir='ltr'><strong>stantiae,</strong></span> <span class='ocrx_word' id='word_1_177' title='bbox 291 2846 419 2886; x_wconf 84' lang='lat' dir='ltr'><strong>amorem</strong></span> <span class='ocrx_word' id='word_1_178' title='bbox 448 2827 727 2905; x_wconf 80' lang='lat' dir='ltr'><strong>admirationemque</strong></span> <span class='ocrx_word' id='word_1_179' title='bbox 753 2830 839 2888; x_wconf 82' lang='lat' dir='ltr'><strong>unice</strong></span> <span class='ocrx_word' id='word_1_180' title='bbox 866 2830 1053 2889; x_wconf 87' lang='lat' dir='ltr'><strong>imbibissem.</strong></span> <span class='ocrx_word' id='word_1_181' title='bbox 1094 2829 1226 2890; x_wconf 85' lang='lat' dir='ltr'><strong>Omnino</strong></span> 
     </span>
     <span class='ocr_line' id='line_1_23' title="bbox 119 2938 1218 3018; baseline 0 -22"><span class='ocrx_word' id='word_1_182' title='bbox 119 2955 171 3013; x_wconf 75' lang='lat' dir='ltr'><strong>per</strong></span> <span class='ocrx_word' id='word_1_183' title='bbox 201 2939 276 3010; x_wconf 84' lang='lat' dir='ltr'><strong>tres,</strong></span> <span class='ocrx_word' id='word_1_184' title='bbox 317 2940 464 3014; x_wconf 59' lang='lat' dir='ltr'><strong>quatuor2</strong></span> <span class='ocrx_word' id='word_1_185' title='bbox 492 2957 582 2998; x_wconf 85' lang='lat' dir='ltr'><strong>annos</strong></span> <span class='ocrx_word' id='word_1_186' title='bbox 595 3015 596 3018; x_wconf 7' lang='grc' dir='ltr'><strong>Ἴ</strong></span> <span class='ocrx_word' id='word_1_187' title='bbox 610 2939 686 2997; x_wconf 86' lang='lat' dir='ltr'><strong>diem</strong></span> <span class='ocrx_word' id='word_1_188' title='bbox 713 2939 774 2998; x_wconf 88' lang='lat' dir='ltr'><strong>fere</strong></span> <span class='ocrx_word' id='word_1_189' title='bbox 804 2941 921 2999; x_wconf 91' lang='lat' dir='ltr'><strong>nullum</strong></span> <span class='ocrx_word' id='word_1_190' title='bbox 950 2938 1218 3015; x_wconf 83' lang='lat' dir='ltr'><strong>praetermiseram,</strong></span> 
     </span>
     <span class='ocr_line' id='line_1_24' title="bbox 123 3046 1220 3126; baseline 0.002 -22"><span class='ocrx_word' id='word_1_191' title='bbox 123 3047 195 3122; x_wconf 90' lang='lat' dir='ltr'><strong>quin</strong></span> <span class='ocrx_word' id='word_1_192' title='bbox 221 3046 350 3121; x_wconf 85' lang='lat' dir='ltr'><strong>aliquam</strong></span> <span class='ocrx_word' id='word_1_193' title='bbox 373 3049 487 3122; x_wconf 84' lang='lat' dir='ltr'><strong>partem</strong></span> <span class='ocrx_word' id='word_1_194' title='bbox 508 3047 591 3106; x_wconf 88' lang='lat' dir='ltr'><strong>Vitae</strong></span> <span class='ocrx_word' id='word_1_195' title='bbox 611 3049 840 3108; x_wconf 83' lang='lat' dir='ltr'><strong>Ruhnkeniauae</strong></span> <span class='ocrx_word' id='word_1_196' title='bbox 859 3051 999 3126; x_wconf 82' lang='lat' dir='ltr'><strong>legerem3</strong></span> <span class='ocrx_word' id='word_1_197' title='bbox 1028 3067 1180 3124; x_wconf 89' lang='lat' dir='ltr'><strong>nunquam</strong></span> <span class='ocrx_word' id='word_1_198' title='bbox 1201 3067 1220 3106; x_wconf 87' lang='lat' dir='ltr'><strong>a</strong></span> 
     </span>
     <span class='ocr_line' id='line_1_25' title="bbox 126 3155 1220 3235; baseline 0.002 -22"><span class='ocrx_word' id='word_1_199' title='bbox 126 3155 249 3214; x_wconf 78' lang='lat' dir='ltr'><strong>lectione</strong></span> <span class='ocrx_word' id='word_1_200' title='bbox 271 3155 469 3229; x_wconf 80' lang='lat' dir='ltr'><strong>discesseram,</strong></span> <span class='ocrx_word' id='word_1_201' title='bbox 498 3157 555 3216; x_wconf 88' lang='lat' dir='ltr'><strong>nisi</strong></span> <span class='ocrx_word' id='word_1_202' title='bbox 575 3161 604 3216; x_wconf 89' lang='lat' dir='ltr'><strong>et</strong></span> <span class='ocrx_word' id='word_1_203' title='bbox 624 3159 734 3218; x_wconf 87' lang='lat' dir='ltr'><strong>doetior</strong></span> <span class='ocrx_word' id='word_1_204' title='bbox 753 3163 783 3218; x_wconf 89' lang='lat' dir='ltr'><strong>et</strong></span> <span class='ocrx_word' id='word_1_205' title='bbox 801 3160 905 3220; x_wconf 90' lang='lat' dir='ltr'><strong>melior</strong></span> <span class='ocrx_word' id='word_1_206' title='bbox 921 3159 1008 3217; x_wconf 92' lang='lat' dir='ltr'><strong>idem.</strong></span> <span class='ocrx_word' id='word_1_207' title='bbox 1036 3158 1142 3235; x_wconf 86' lang='lat' dir='ltr'><strong>Itaque</strong></span> <span class='ocrx_word' id='word_1_208' title='bbox 1161 3157 1220 3218; x_wconf 81' lang='lat' dir='ltr'><strong>viri</strong></span> 
     </span>
     <span class='ocr_line' id='line_1_26' title="bbox 123 3265 1222 3344; baseline 0.001 -20"><span class='ocrx_word' id='word_1_209' title='bbox 123 3265 216 3340; x_wconf 87' lang='lat' dir='ltr'><strong>illius,</strong></span> <span class='ocrx_word' id='word_1_210' title='bbox 244 3284 332 3342; x_wconf 88' lang='lat' dir='ltr'><strong>quem</strong></span> <span class='ocrx_word' id='word_1_211' title='bbox 349 3267 450 3326; x_wconf 87' lang='lat' dir='ltr'><strong>absens</strong></span> <span class='ocrx_word' id='word_1_212' title='bbox 467 3269 621 3343; x_wconf 89' lang='lat' dir='ltr'><strong>tantopere</strong></span> <span class='ocrx_word' id='word_1_213' title='bbox 629 3269 766 3326; x_wconf 84' lang='lat' dir='ltr'><strong>admirari</strong></span> <span class='ocrx_word' id='word_1_214' title='bbox 780 3287 942 3344; x_wconf 79' lang='lat' dir='ltr'><strong>coeperam,</strong></span> <span class='ocrx_word' id='word_1_215' title='bbox 964 3266 1069 3326; x_wconf 84' lang='lat' dir='ltr'><strong>Leidae</strong></span> <span class='ocrx_word' id='word_1_216' title='bbox 1079 3266 1222 3326; x_wconf 80' lang='lat' dir='ltr'><strong>continuo</strong></span> 
     </span>
     <span class='ocr_line' id='line_1_27' title="bbox 124 3375 1219 3454; baseline -0.001 -20"><span class='ocrx_word' id='word_1_217' title='bbox 124 3395 257 3452; x_wconf 85' lang='lat' dir='ltr'><strong>praesens</strong></span> <span class='ocrx_word' id='word_1_218' title='bbox 274 3376 490 3436; x_wconf 88' lang='lat' dir='ltr'><strong>institutionem</strong></span> <span class='ocrx_word' id='word_1_219' title='bbox 507 3379 844 3454; x_wconf 83' lang='lat' dir='ltr'><strong>commendationemque</strong></span> <span class='ocrx_word' id='word_1_220' title='bbox 862 3381 1042 3437; x_wconf 81' lang='lat' dir='ltr'><strong>consectatus</strong></span> <span class='ocrx_word' id='word_1_221' title='bbox 1052 3375 1146 3436; x_wconf 84' lang='lat' dir='ltr'><strong>sum.’&#39;</strong></span> <span class='ocrx_word' id='word_1_222' title='bbox 1162 3379 1219 3436; x_wconf 62' lang='lat' dir='ltr'><strong>eet„</strong></span> 
     </span>
     <span class='ocr_line' id='line_1_28' title="bbox 124 3487 1224 3562; baseline -0.001 -18"><span class='ocrx_word' id='word_1_223' title='bbox 124 3487 204 3545; x_wconf 89' lang='lat' dir='ltr'><strong>Idem</strong></span> <span class='ocrx_word' id='word_1_224' title='bbox 221 3503 338 3562; x_wconf 88' lang='lat' dir='ltr'><strong>quoque</strong></span> <span class='ocrx_word' id='word_1_225' title='bbox 358 3489 425 3544; x_wconf 85' lang='lat' dir='ltr'><strong>ante</strong></span> <span class='ocrx_word' id='word_1_226' title='bbox 446 3487 558 3562; x_wconf 87' lang='lat' dir='ltr'><strong>aliquot</strong></span> <span class='ocrx_word' id='word_1_227' title='bbox 578 3507 667 3546; x_wconf 89' lang='lat' dir='ltr'><strong>annos</strong></span> <span class='ocrx_word' id='word_1_228' title='bbox 687 3489 758 3546; x_wconf 90' lang='lat' dir='ltr'><strong>mihi</strong></span> <span class='ocrx_word' id='word_1_229' title='bbox 769 3488 923 3547; x_wconf 83' lang='lat' dir='ltr'><strong>affirmavit</strong></span> <span class='ocrx_word' id='word_1_230' title='bbox 932 3489 978 3549; x_wconf 76' lang='lat' dir='ltr'><strong>vir</strong></span> <span class='ocrx_word' id='word_1_231' title='bbox 988 3487 1224 3548; x_wconf 85' lang='lat' dir='ltr'><strong>consultissimus</strong></span> 
     </span>
     <span class='ocr_line' id='line_1_29' title="bbox 124 3595 1126 3673; baseline -0.002 -19"><span class='ocrx_word' id='word_1_232' title='bbox 124 3597 255 3673; x_wconf 87' lang='lat' dir='ltr'><strong>idemque</strong></span> <span class='ocrx_word' id='word_1_233' title='bbox 276 3596 493 3655; x_wconf 87' lang='lat' dir='ltr'><strong>literatissimus</strong></span> <span class='ocrx_word' id='word_1_234' title='bbox 512 3597 606 3656; x_wconf 79' lang='lat' dir='ltr'><strong>Ianus</strong></span> <span class='ocrx_word' id='word_1_235' title='bbox 627 3599 689 3654; x_wconf 89' lang='lat' dir='ltr'><strong>Pan</strong></span> <span class='ocrx_word' id='word_1_236' title='bbox 708 3597 740 3654; x_wconf 90' lang='lat' dir='ltr'><strong>iu</strong></span> <span class='ocrx_word' id='word_1_237' title='bbox 759 3597 881 3672; x_wconf 80' lang='lat' dir='ltr'><strong>privatis</strong></span> <span class='ocrx_word' id='word_1_238' title='bbox 901 3597 938 3654; x_wconf 88' lang='lat' dir='ltr'><strong>ad</strong></span> <span class='ocrx_word' id='word_1_239' title='bbox 958 3616 1004 3655; x_wconf 91' lang='lat' dir='ltr'><strong>me</strong></span> <span class='ocrx_word' id='word_1_240' title='bbox 1024 3595 1126 3662; x_wconf 85' lang='lat' dir='ltr'><strong>literis.</strong></span> 
     </span>
    </p>

    <p class='ocr_par' dir='ltr' id='par_1_7' title="bbox 125 3705 1223 4002">
     <span class='ocr_line' id='line_1_30' title="bbox 160 3705 1218 3784; baseline 0.001 -21"><span class='ocrx_word' id='word_1_241' title='bbox 160 3706 221 3764; x_wconf 85' lang='lat' dir='ltr'><strong>Nee</strong></span> <span class='ocrx_word' id='word_1_242' title='bbox 248 3705 355 3764; x_wconf 85' lang='lat' dir='ltr'><strong>desunt</strong></span> <span class='ocrx_word' id='word_1_243' title='bbox 382 3706 466 3764; x_wconf 91' lang='lat' dir='ltr'><strong>hodie</strong></span> <span class='ocrx_word' id='word_1_244' title='bbox 495 3707 547 3784; x_wconf 90' lang='lat' dir='ltr'><strong>qui</strong></span> <span class='ocrx_word' id='word_1_245' title='bbox 572 3707 638 3765; x_wconf 83' lang='lat' dir='ltr'><strong>libii</strong></span> <span class='ocrx_word' id='word_1_246' title='bbox 663 3706 871 3782; x_wconf 85' lang='lat' dir='ltr'><strong>praestantiam</strong></span> <span class='ocrx_word' id='word_1_247' title='bbox 887 3707 983 3781; x_wconf 86' lang='lat' dir='ltr'><strong>palam</strong></span> <span class='ocrx_word' id='word_1_248' title='bbox 1010 3708 1040 3764; x_wconf 83' lang='lat' dir='ltr'><strong>et</strong></span> <span class='ocrx_word' id='word_1_249' title='bbox 1060 3705 1218 3782; x_wconf 78' lang='lat' dir='ltr'><strong>agnoscant</strong></span> 
     </span>
     <span class='ocr_line' id='line_1_31' title="bbox 125 3815 1223 3892; baseline 0.002 -20"><span class='ocrx_word' id='word_1_250' title='bbox 125 3817 153 3872; x_wconf 86' lang='lat' dir='ltr'><strong>et</strong></span> <span class='ocrx_word' id='word_1_251' title='bbox 178 3815 331 3874; x_wconf 87' lang='lat' dir='ltr'><strong>eelebrent.</strong></span> <span class='ocrx_word' id='word_1_252' title='bbox 364 3816 388 3873; x_wconf 80' lang='lat' dir='ltr'><strong>ll</strong></span> <span class='ocrx_word' id='word_1_253' title='bbox 409 3816 516 3892; x_wconf 89' lang='lat' dir='ltr'><strong>quibus</strong></span> <span class='ocrx_word' id='word_1_254' title='bbox 541 3818 664 3874; x_wconf 83' lang='lat' dir='ltr'><strong>sufficiet</strong></span> <span class='ocrx_word' id='word_1_255' title='bbox 684 3817 845 3875; x_wconf 85' lang='lat' dir='ltr'><strong>laudavisse</strong></span> <span class='ocrx_word' id='word_1_256' title='bbox 865 3816 1097 3874; x_wconf 79' lang='lat' dir='ltr'><strong>recentissimum</strong></span> <span class='ocrx_word' id='word_1_257' title='bbox 1117 3815 1223 3874; x_wconf 91' lang='lat' dir='ltr'><strong>Philo·-</strong></span> 
     </span>
     <span class='ocr_line' id='line_1_32' title="bbox 126 3901 985 4002; baseline 0 -20"><span class='ocrx_word' id='word_1_258' title='bbox 126 3924 216 4001; x_wconf 81' lang='lat' dir='ltr'><strong>legiae</strong></span> <span class='ocrx_word' id='word_1_259' title='bbox 235 3901 443 3984; x_wconf 80' lang='lat' dir='ltr'><strong>Neerlandieae</strong></span> <span class='ocrx_word' id='word_1_260' title='bbox 463 3926 634 3985; x_wconf 81' lang='lat' dir='ltr'><strong>historicum</strong></span> <span class='ocrx_word' id='word_1_261' title='bbox 653 3928 816 3986; x_wconf 83' lang='lat' dir='ltr'><strong>Lueianum</strong></span> <span class='ocrx_word' id='word_1_262' title='bbox 836 3927 941 3984; x_wconf 83' lang='lat' dir='ltr'><strong>Miiller</strong></span> <span class='ocrx_word' id='word_1_263' title='bbox 953 3924 985 4002; x_wconf 88' lang='lat'><strong>¹).</strong></span> 
     </span>
    </p>
   </div>
   <div class='ocr_carea' id='block_1_6' title="bbox 126 4089 315 4102">
    <p class='ocr_par' dir='ltr' id='par_1_8' title="bbox 126 4089 315 4102">
     <span class='ocr_line' id='line_1_33' title="bbox 126 4089 315 4102; baseline 0 -2"><span class='ocrx_word' id='word_1_264' title='bbox 126 4089 315 4102; x_wconf 50' lang='lat' dir='ltr'><strong>mun—-</strong></span> 
     </span>
    </p>
   </div>
   <div class='ocr_carea' id='block_1_7' title="bbox 127 4203 1277 4436">
    <p class='ocr_par' dir='ltr' id='par_1_9' title="bbox 127 4203 1277 4436">
     <span class='ocr_line' id='line_1_34' title="bbox 163 4203 1222 4283; baseline 0 -19"><span class='ocrx_word' id='word_1_265' title='bbox 163 4203 183 4279; x_wconf 82' lang='lat'><strong>¹)</strong></span> <span class='ocrx_word' id='word_1_266' title='bbox 203 4216 295 4266; x_wconf 81' lang='lat' dir='ltr'><strong>Seinen</strong></span> <span class='ocrx_word' id='word_1_267' title='bbox 314 4204 474 4283; x_wconf 79' lang='lat' dir='ltr'><strong>(Ruhnkens)</strong></span> <span class='ocrx_word' id='word_1_268' title='bbox 493 4219 692 4282; x_wconf 74' lang='lat' dir='ltr'><strong>philologIsehen</strong></span> <span class='ocrx_word' id='word_1_269' title='bbox 708 4217 874 4266; x_wconf 78' lang='lat' dir='ltr'><strong>VerdIeusten</strong></span> <span class='ocrx_word' id='word_1_270' title='bbox 893 4218 991 4266; x_wconf 77' lang='lat' dir='ltr'><strong>helein</strong></span> <span class='ocrx_word' id='word_1_271' title='bbox 1009 4218 1116 4265; x_wconf 71' lang='lat' dir='ltr'><strong>sobrinae</strong></span> <span class='ocrx_word' id='word_1_272' title='bbox 1136 4215 1222 4264; x_wconf 72' lang='lat' dir='ltr'><strong>lienis·</strong></span> 
     </span>
     <span class='ocr_line' id='line_1_35' title="bbox 127 4291 1223 4360; baseline -0.002 -16"><span class='ocrx_word' id='word_1_273' title='bbox 127 4291 171 4344; x_wconf 84' lang='lat' dir='ltr'><strong>mal</strong></span> <span class='ocrx_word' id='word_1_274' title='bbox 197 4304 294 4358; x_wconf 73' lang='lat' dir='ltr'><strong>geselat</strong></span> <span class='ocrx_word' id='word_1_275' title='bbox 320 4296 360 4344; x_wconf 85' lang='lat' dir='ltr'><strong>die</strong></span> <span class='ocrx_word' id='word_1_276' title='bbox 386 4297 556 4345; x_wconf 81' lang='lat' dir='ltr'><strong>ausliihrliehe</strong></span> <span class='ocrx_word' id='word_1_277' title='bbox 582 4298 634 4346; x_wconf 89' lang='lat' dir='ltr'><strong>und</strong></span> <span class='ocrx_word' id='word_1_278' title='bbox 661 4297 792 4346; x_wconf 77' lang='lat' dir='ltr'><strong>liebavolle</strong></span> <span class='ocrx_word' id='word_1_279' title='bbox 813 4297 972 4360; x_wconf 72' lang='lat' dir='ltr'><strong>Darstellnng</strong></span> <span class='ocrx_word' id='word_1_280' title='bbox 995 4298 1077 4345; x_wconf 76' lang='lat' dir='ltr'><strong>seinos</strong></span> <span class='ocrx_word' id='word_1_281' title='bbox 1101 4295 1223 4343; x_wconf 80' lang='lat' dir='ltr'><strong>Sebdlars·</strong></span> 
     </span>
     <span class='ocr_line' id='line_1_36' title="bbox 128 4374 1277 4436; baseline -0.001 -16"><span class='ocrx_word' id='word_1_282' title='bbox 128 4374 309 4436; x_wconf 74' lang='lat' dir='ltr'><strong>Wyllenboeb,</strong></span> <span class='ocrx_word' id='word_1_283' title='bbox 337 4376 377 4422; x_wconf 83' lang='lat' dir='ltr'><strong>dle</strong></span> <span class='ocrx_word' id='word_1_284' title='bbox 407 4377 431 4422; x_wconf 89' lang='lat' dir='ltr'><strong>in</strong></span> <span class='ocrx_word' id='word_1_285' title='bbox 461 4378 579 4426; x_wconf 73' lang='lat' dir='ltr'><strong>munchen</strong></span> <span class='ocrx_word' id='word_1_286' title='bbox 609 4378 724 4425; x_wconf 80' lang='lat' dir='ltr'><strong>Hinsieut</strong></span> <span class='ocrx_word' id='word_1_287' title='bbox 752 4378 809 4424; x_wconf 86' lang='lat' dir='ltr'><strong>eine</strong></span> <span class='ocrx_word' id='word_1_288' title='bbox 836 4378 985 4424; x_wconf 77' lang='lat' dir='ltr'><strong>Gesclriebte</strong></span> <span class='ocrx_word' id='word_1_289' title='bbox 1012 4378 1055 4424; x_wconf 82' lang='lat' dir='ltr'><strong>der</strong></span> <span class='ocrx_word' id='word_1_290' title='bbox 1081 4374 1223 4436; x_wconf 74' lang='lat' dir='ltr'><strong>Philologio</strong></span> <span class='ocrx_word' id='word_1_291' title='bbox 1275 4401 1277 4408; x_wconf 92' lang='lat'>·</span> 
     </span>
    </p>
   </div>
   <div class='ocr_carea' id='block_1_8' title="bbox 0 0 1540 5210">
    <p class='ocr_par' dir='ltr' id='par_1_10' title="bbox 0 0 1540 5210">
     <span class='ocr_line' id='line_1_37' title="bbox 0 0 1540 5210; baseline 0 0"><span class='ocrx_word' id='word_1_292' title='bbox 0 0 1540 5210; x_wconf 95' lang='lat' dir='ltr'><strong> </strong></span> 
     </span>
    </p>
   </div>
  </div>
 </body>
</html>
