3064 5210
377 458 381 469 ·
455 425 498 484 od
519 421 662 502 Eloqiom
683 424 916 486 limasterlmsii.
1218 427 1234 484 7

15 643 17 648 ·
136 613 186 681 jns
214 605 301 666 rema
327 605 481 664 attulimus
500 606 608 666 Annot.
629 623 658 678 p.
679 602 753 676 500,
780 606 881 668 auctor
900 605 989 676 ctiam
1009 604 1233 668 1112611111-

139 716 202 776 rius
226 715 260 774 in
286 714 475 774 Collectanais
500 714 536 774 de
562 713 793 785 Hemone-husto,
819 714 871 774 ubi
896 714 1025 790 scripsit:
1055 715 1233 779 »cathaeos

14 869 25 874 ¹-
139 827 171 884 ct
190 824 389 901 Philosophiae
404 823 551 886 Professor
570 841 740 900 cognoscere
760 823 884 884 Graecae
901 823 1032 901 Linguae
1048 823 1234 890 (1111611111-

141 923 426 1010 pastinantem
452 933 609 1010 elegantias
636 933 751 992 tradere
778 953 838 992 non
857 935 1050 1011 gravabatur,
1071 934 1256 1021 11111111111111Ι

22 1093 28 1098 .
141 1045 171 1106 iu
187 1045 262 1108 urhe
277 1045 417 1120 populosa
432 1043 589 1119 discipulos
605 1043 724 1104 minime
738 1043 901 1120 vulgares.’'
921 1043 963 1103 of.
984 1044 1118 1113 Granius,
1139 1045 1234 1120 operis

15 1175 32 1210 s.
140 1153 220 1212 laud.
240 1174 269 1229 p.
282 1153 324 1214 68
345 1156 375 1214 et
394 1149 467 1224 139,
489 1157 519 1216 et
538 1154 567 1212 J.
589 1157 623 1214 D.
643 1153 783 1229 Lennepii
803 1156 901 1213 annm.
923 1153 960 1212 od
979 1151 1130 1220 D’Orvillii
1151 1155 1231 1221 Orat.

139 1264 172 1322 in
191 1261 335 1321 Athenaei
353 1261 510 1320 Amstelod.
531 1261 686 1320 Memorat.
707 1280 736 1335 p.
758 1258 827 1318 125.

181 1373 213 1430 P.
234 1371 282 1433 22.
313 1370 356 1430 Ac
380 1371 495 1447 reperit
518 1369 755 1441 Amstolodomi,
782 1386 915 1448 quotum
936 1370 1157 1432 consuetudine
1176 1371 1234 1432 cle·

17 1511 23 1544 1
140 1481 320 1556 oomtiomm
349 1481 513 1540 literarum
538 1479 679 1538 etodium
706 1496 770 1538 mc
795 1477 988 1540 mediocriter
1022 1479 1125 1544 oleret.
1163 1480 1232 1560 oet]

140 1592 182 1650 cf.
203 1589 324 1654 oranius
344 1613 372 1668 p.
392 1590 441 1650 66.
461 1609 504 1667 sq.
526 1589 620 1667 deque
640 1589 825 1650 Broukhusio
845 1589 877 1648 L.
897 1589 1005 1651 Miiller
1023 1611 1051 1666 p.
1067 1588 1108 1656 48
1128 1610 1171 1668 sq.

179 1703 210 1762 P.
232 1701 279 1762 24.
323 1698 597 1780 commentatione]
623 1701 643 1758 i.
670 1718 695 1758 e.
717 1700 937 1773 commentario,
961 1699 1022 1760 eive
1043 1701 1230 1763 annotatione

139 1813 170 1870 in
187 1811 344 1872 Pollnoena
361 1811 459 1870 Minus
478 1812 557 1868 recte
577 1810 685 1884 cepisse
705 1808 823 1868 videtur
839 1808 963 1868 Rinkins
985 1828 1013 1885 p.
1031 1807 1087 1882 22,
1106 1810 1230 1874 reddens

11 1971 12 1974 .
140 1919 357 1997 Abtomllmaq.

9 2050 12 2058 ¹
180 2030 254 2088 Ibid.
283 2029 376 2088 Brevi
394 2033 463 2105 post
483 2047 503 2087 a
521 2027 676 2086 Richardo
694 2025 996 2104 Bentlejo-literaa
1012 2003 1139 2104 occipit,
1160 2021 1232 2110 cet]

12 2206 16 2214 .
112 2145 117 2154 '
142 2138 223 2198 Duae
242 2138 310 2200 illae
324 2139 456 2214 'Bentleji
475 2139 512 2196 ad
531 2136 784 2198 Hemstarhusium
805 2135 842 2196 de
862 2135 1043 2196 Oomieomm
1062 2137 1094 2197 in
1114 2138 1233 2200 Polluce

15 2283 17 2325 3
139 2247 312 2325 fragmentis
339 2249 424 2307 datae
450 2247 602 2323 epistolae,
634 2247 718 2306 elteri
744 2246 840 2324 Elegii
867 2247 988 2308 editioni
1014 2267 1033 2306 a
1058 2248 1232 2335 Ruhnkanio

138 2357 301 2433 subjectae,
329 2357 457 2433 indeque
483 2356 515 2414 in
536 2357 611 2415 Vitis
630 2354 861 2418 Duumvirorum
879 2359 909 2416 et
924 2359 1025 2418 nostm
1036 2357 1168 2418 editione
1182 2366 1231 2418 re·

137 2466 261 2543 petitae,
290 2485 474 2544 quarumque
493 2465 684 2543 ‚autographa
709 2468 824 2526 exstant
848 2466 882 2524 in
907 2466 1088 2528 Bibliotheca
1113 2467 1231 2544 publica

7 2637 9 2658 f
137 2575 422 2654 toguano-Batava,
452 2575 614 2636 seeundum
642 2574 734 2634 Geelii
753 2574 924 2652 catalogum
943 2574 993 2634 N⁰.
1014 2574 1090 2652 955,
1109 2576 1231 2639 ineunte
1332 2586 1333 2590 ’

136 2686 191 2748 hoc
210 2686 308 2746 seculo
326 2686 358 2744 in
376 2686 484 2764 Anglia
498 2684 594 2744 editae
611 2685 729 2746 fuerant
743 2703 761 2742 a
777 2683 877 2744 Garolo
893 2684 1022 2760 Burnajo
1037 2685 1071 2744 in
1086 2686 1120 2744 R.
1137 2687 1229 2750 Bent-

136 2796 187 2872 leji
213 2798 243 2854 et
269 2795 421 2856 doctorum
447 2791 585 2854 Virorum
610 2794 748 2870 Epistolis
774 2794 901 2867 mutuis,
925 2797 1028 2872 postea
1046 2814 1082 2856 ex
1100 2795 1229 2860 editione

136 2905 313 2966 Londinensi
334 2905 366 2964 in
390 2905 545 2964 Germania
565 2903 673 2964 reonns
693 2922 764 2974 carra
782 2903 830 2962 Fr.
851 2903 898 2962 Tr.
918 2903 1136 2978 Friedemanni,
1157 2905 1228 2988 Lip-
1248 2899 1262 2916 ⁸

136 3014 197 3074 siae
222 3013 318 3087 1825,
344 3014 397 3074 ubi
423 3015 565 3092 leguntur
590 3035 618 3090 p.
647 3011 813 3074 250-289.
851 3013 998 3074 Uberioris
1023 3014 1055 3078 in
1080 3015 1229 3078 Pollucem

138 3124 353 3197 commentarii,
377 3143 465 3201 quem
481 3125 535 3184 sibi
553 3124 762 3186 elaborandum
776 3126 966 3200 proposuerat
977 3123 1228 3198 flameresheim,

137 3235 168 3290 et
187 3233 271 3308 onius
286 3233 466 3294 mentionem
485 3234 606 3294 lecimus
621 3236 653 3294 in
669 3236 778 3296 Annot.
795 3254 823 3310 p.
839 3233 914 3307 351,
935 3232 1135 3312 stamnentum
1150 3253 1229 3297 oom-

135 3344 314 3402 mamoratnr
333 3344 365 3402 in
385 3343 477 3402 [icelii
497 3344 587 3403 (latai.
607 3343 657 3404 ΝΟ.
678 3342 746 3403 300.
855 3373 865 3388 ·

175 3453 270 3522 Quam
296 3453 328 3512 in
350 3433 564 3514 Hemsterhnsii
584 3455 622 3514 ad
640 3455 807 3531 Bentlejum
827 3455 912 3541 datae
931 3454 1069 3531 epistolae
1088 3456 1172 3532 parte
1193 3455 1229 3514 de

133 3561 252 3624 Manilio
268 3563 395 3636 edendo,
411 3564 521 3624 Annot.
538 3585 567 3641 p.
580 3563 654 3636 346,
673 3565 839 3640 scripsimus
849 3564 1006 3624 desiderari
1014 3563 1227 3627 Hemsterhusii

132 3673 365 3736 emendationem
393 3675 541 3750 quandam
567 3675 604 3733 ad
623 3693 666 3734 vs.
687 3673 727 3732 20
745 3693 787 3749 sq.
807 3674 937 3750 prodidit
956 3693 1020 3734 eam
1039 3673 1227 3752 Koppiersius

134 3781 298 3843 chrowati.
319 3784 457 3862 praerog.
479 3804 508 3859 p.
526 3782 595 3843 131.
890 3763 893 3769 ’

173 3891 206 3948 Ρ.
226 3890 274 3950 27.
296 3891 390 3952 Hom
407 3894 492 3951 emm
501 3892 804 3966 miracimmum,
826 3890 894 3972 cet]
915 3891 1099 3967 BentleJ'um‚
1121 3911 1225 3970 quem,

131 4001 167 4058 ut
186 4000 219 4059 in
239 3998 425 4060 collectaneis
445 4021 511 4062 mss.
533 4002 569 4062 de
589 4001 808 4061 Hemsterhusio
828 4001 981 4060 annotavit
1000 3985 1223 4077 Valckenarius,

132 4108 200 4170 »ille
216 4110 258 4170 sic
273 4112 485 4184 venerabatur,
515 4113 598 4172 utin
616 4112 753 4189 Angiiam
769 4111 826 4170 iter
842 4111 933 4170 fuerit
951 4111 1108 4174 meditatus
1128 4113 1224 4172 maius

130 4220 301 4294 pracsertim
322 4220 455 4298 Beittteji
475 4221 593 4280 visendi
614 4224 710 4280 motus
730 4220 901 4282 desiderio.'’

170 4332 201 4388 P.
221 4329 268 4390 32.
302 4329 527 4391 Hemsterlmaii
548 4331 684 4407 exemplo
708 4331 887 4392 Literorom
908 4332 1048 4392 studium
1065 4348 1137 4392 cum
1157 4331 1223 4392 Mo·
