3064 5210
466 440 508 500 ad
535 439 636 499 Vitam
655 437 845 500 Ruhnkecti.
1164 439 1201 500 21

92 623 196 686 1781.
237 623 314 692 Ques
340 620 460 699 quidem
483 620 619 696 epistolas
644 620 740 684 nescio
767 639 806 706 cn
831 621 1024 700 Hottingerus
1053 626 1115 702 ipse
1140 623 1203 704 jem

92 735 222 812 pridem
246 731 406 792 reddiderit
432 729 671 808 Wyttenbaobio,
701 749 790 806 quem
816 749 918 790 esrum
941 735 1035 793 teneri
1062 736 1204 796 desiderio

95 845 203 906 sciret.
235 841 375 912 Quocirca
394 859 432 898 ne
452 839 541 900 Vobis
560 839 623 902 sine
643 857 730 898 cause
748 839 888 924 molestus
907 843 1014 916 forem,
1037 847 1103 918 aut,
1125 847 1204 924 qnod

96 956 205 1031 ajunt,
233 955 332 1012 sctum
358 969 488 1028 egerem,
514 949 658 1025 tantisper
674 949 866 1030 supprimere
889 951 960 1010 istas
979 953 1071 1013 malui
1078 998 1087 1028 ,
1112 955 1204 1015 donec

96 1065 254 1137 consulto,
274 1062 323 1124 oui
341 1062 413 1120 haec
432 1059 527 1119 omnis
543 1077 614 1117 cura
630 1058 779 1118 commisse
796 1078 856 1119 esse
873 1060 993 1136 dicitur,
1016 1063 1055 1121 ul.
1072 1065 1203 1140 Melinio,

97 1169 268 1233 certiorem
285 1190 333 1230 me
360 1169 502 1242 feceritis,
530 1168 603 1245 qnid
630 1168 666 1226 de
692 1186 727 1227 ee
751 1188 782 1228 re
810 1170 994 1246 potissimum
1013 1173 1077 1232 ficri
1096 1175 1202 1236 velitis.

96 1283 252 1360 Equidem
271 1279 484 1356 jucundissime
503 1268 617 1338 vestrae
636 1278 826 1340 humanitatis
845 1280 1044 1342 recordatione
1063 1283 1204 1348 incitatus

97 1393 202 1456 faeere
221 1411 281 1451 non
299 1391 399 1468 potui,
420 1390 506 1465 quin,
527 1389 552 1448 si
569 1388 645 1448 nihil
661 1389 756 1462 eliud,
780 1390 911 1450 animum
928 1393 1006 1460 certe
1022 1412 1055 1468 ec
1071 1396 1205 1457 studium

99 1503 197 1563 Vobis
221 1521 320 1560 meum
346 1501 511 1577 probarem,
539 1519 628 1576 quem
642 1502 686 1562 ¹et
710 1498 918 1560 Ruhnkeccids
944 1503 1102 1579 aliquando
1125 1506 1204 1566 domi

100 1632 178 1674 suae
198 1631 267 1672 cum
287 1611 371 1671 Frid.
392 1610 471 1688 Auq.
494 1609 599 1688 Wolfio
615 1610 776 1669 lautissime
794 1612 907 1688 excepit
948 1613 978 1671 et
996 1614 1053 1673 Vos
1076 1615 1133 1690 ipsi
1153 1635 1204 1676 ve-

99 1726 234 1783 strarum
253 1723 393 1799 cupidum
412 1720 584 1780 deliciarum
604 1739 701 1780 corum
720 1720 841 1781 vidistis.
873 1722 928 1781 Sed
939 1723 977 1796 si,
999 1725 1204 1801 quodsperere

99 1833 218 1906 licebit,
244 1832 404 1909 multisque
422 1831 589 1892 volentibus
609 1829 760 1902 acciderit,
786 1830 1006 1892 Ruhnkeniunis
1026 1835 1204 1912 subjungere

101 1942 367 2020 Wyttenbechiene
392 1939 547 2017 placuerit,
577 1939 614 1997 ud
633 1939 746 2013 omnic,
770 1939 843 1998 mihi
866 1942 987 2015 credite,
1010 1944 1103 2004 officia
1122 1964 1206 2021 para.

102 2052 254 2113 tissimum
281 2070 330 2110 me
357 2049 509 2109 habebitis.
550 2048 598 2107 Ite
628 2047 740 2120 valete,
772 2049 834 2109 Viri
859 2053 1078 2128 spectptissimi,
1110 2056 1140 2113 et
1159 2072 1207 2114 res

103 2163 219 2223 vestras
237 2161 312 2220 bene
330 2160 451 2238 gerite..
731 2143 738 2156 ’
951 2243 956 2253 Ι
1054 2154 1056 2159 ’

94 2259 97 2265 ’
145 2271 220 2330 Dab.
241 2270 340 2330 'lutici
358 2269 472 2330 Helvet.
494 2270 522 2329 d.
542 2269 582 2328 20
602 2269 733 2350 Octobris
752 2268 841 2330 1824.

145 2489 223 2560 Quid
240 2487 293 2548 ,his
319 2487 412 2547 literis
434 2488 634 2548 Luehtmsnsii
660 2491 879 2567 responderint,
905 2511 964 2552 non
996 2495 1206 2571 comperimus:

105 2619 154 2661 ess
181 2600 244 2658 sine
271 2598 360 2658 dubio
387 2617 455 2658 cum
481 2598 584 2658 futuro
609 2599 720 2662 editore
738 2602 856 2662 Melinio
875 2605 1145 2680 communicarunt,
1167 2607 1206 2666 si-

106 2710 225 2788 quidem
240 2709 316 2786 ipses
332 2709 397 2768 illes
416 2710 453 2768 ab
470 2707 614 2768 Ochsnere
630 2709 740 2768 oblatus
757 2711 926 2770 Ruhnkenii
942 2713 979 2772 sd
997 2714 1207 2796 liottingerum

105 2820 241 2897 epistolas
259 2820 389 2896 prodidit
407 2819 541 2878 Mshnius
560 2819 634 2895 Dpp.
654 2820 692 2878 ad
712 2820 777 2880 Div.
799 2841 829 2896 p.
849 2819 910 2880 154
922 2828 970 2898 sq.
994 2826 1024 2882 et
1042 2823 1103 2884 156
1122 2845 1185 2905 sqq.

144 2929 280 3004 Exceptis
315 2931 414 2988 eutem
456 2926 655 2987 Voleronem
690 2930 721 2987 et
758 2928 1003 3005 Wyttertbacbio,
1042 2935 1206 2995 ceterorum

107 3039 254 3110 virorum,
274 3039 311 3096 ad
331 3056 403 3114 quos
423 3037 461 3096 ed
479 3037 557 3097 hune
577 3038 656 3097 diem
675 3039 785 3114 purtim
806 3040 838 3098 in
858 3039 1025 3116 Opurcnlr's,
1046 3044 1155 3118 purtim
1173 3045 1206 3106 in
1325 3079 1326 3087 .
1407 3067 1408 3075 ¹
1492 3065 1493 3072 ¹

108 3147 218 3208 liehnii
235 3146 330 3206 fascic.
350 3147 451 3221 tertio,
471 3148 580 3223 purtim
600 3149 668 3216 ¹alibi
691 3149 787 3208 editae
803 3149 925 3210 fuerunt
951 3152 1119 3212 Ruhnkenii
1143 3155 1206 3232 epi·

88 3273 91 3278 ·
108 3258 208 3331 stolae,
225 3257 436 3317 nominssunt:
451 3255 478 3317 J.
494 3257 624 3332 Altero,
644 3259 680 3318 A.
691 3260 738 3319 M.
751 3258 909 3334 Reddidi,
929 3260 974 3322 J0.
986 3261 1032 3322 st.
1044 3262 1205 3340 Beruard,

109 3367 146 3428 H.
174 3368 212 3444 de
239 3368 350 3440 Bosch,
380 3366 419 3426 H.
446 3368 593 3442 Besecha,
620 3368 648 3430 J.
680 3369 922 3448 chpercooier,
949 3372 977 3433 J.
1004 3373 1040 3432 A.
1062 3374 1201 3451 Ernesti,

111 3478 139 3538 G.
160 3477 199 3538 Η.
221 3478 346 3552 Haben,
368 3477 417 3540 *A.
439 3485 479 3540 H.
500 3479 536 3539 L.
554 3483 694 3553 Hecreo,
715 3477 754 3540 'J.
774 3479 810 3539 F.
826 3481 934 3554 Hercl,
956 3481 996 3543 *J.
1012 3483 1045 3544 F.
1065 3486 1204 3544 Heusin-

109 3605 171 3665 pcr,
195 3588 226 3649 G.
250 3587 286 3649 G.
304 3593 431 3667 Hepue,
451 3590 479 3651 J.
500 3588 773 3667 duociopem.
793 3592 833 3652 H.
851 3590 1002 3669 Juopies,
1025 3593 1083 3654 Im.
1100 3593 1202 3668 Kaot,

112 3697 144 3756 G.
172 3697 272 3772 Koen,
301 3700 336 3760 L.
364 3700 581 3776 Keuocomp,
612 3699 650 3760 *J.
680 3700 717 3760 D.
745 3719 808 3760 curt
834 3705 978 3780 Ledoep,
1009 3703 1035 3762 J.
1066 3703 1202 3778 Morclb',

114 3806 142 3865 S.
162 3807 336 3884 Musprace,
364 3809 392 3870 J.
415 3799 449 3869 P.
470 3810 631 3883 d'Orcille,
655 3811 687 3872 F.
709 3829 772 3870 cae
795 3811 999 3891 Oudendorp,
1023 3813 1060 3873 D.
1083 3813 1202 3874 Passic-

111 3933 197 3989 occs,
219 3916 256 3978 'J.
278 3918 420 3993 Pierson,
443 3919 481 3980 R.
504 3921 635 3993 Porsen,
656 3925 692 3982 B.
716 3921 751 3981 L.
771 3921 954 4000 Raptatus,
974 3922 1002 3983 J.
1024 3923 1062 3982 de
1080 3923 1201 4000 Retzcr,

112 4026 143 4088 F.
170 4027 200 4089 Τ.
226 4029 325 4104 Rink,
351 4030 378 4092 J.
409 4032 446 4092 D.
476 4031 590 4106 Rider,
617 4034 644 4094 J.
667 4032 806 4106 Recrdi,
830 4033 865 4093 L.
885 4051 949 4093 cce
970 4033 1105 4109 Suoteo,
1130 4035 1200 4097 Chr.

112 4137 200 4213 Sese,
228 4140 256 4200 J.
286 4139 322 4202 G.
350 4141 533 4216 Schneider,
561 4143 598 4202 Β.
628 4143 662 4204 Ρ.
690 4154 752 4203 cao
783 4144 895 4203 Weselc
917 4143 1073 4220 Scholteo,
1102 4145 1141 4206 H.
1162 4148 1206 4228 A.

114 4247 278 4323 Schulteos,
298 4250 326 4311 J.
339 4250 621 4329 Schweipbdccser,
645 4252 680 4312 G.
695 4254 729 4312 L.
742 4252 911 4331 Spaldirtp,
937 4254 977 4314 H.
993 4255 1119 4329 Tollius,
1144 4255 1200 4316 Tu.

118 4357 402 4436 superventurae
429 4361 575 4436 Vaassen,
599 4363 636 4423 Ἰ.
659 4363 695 4423 B.
718 4361 846 4423 d'Aesse
867 4363 903 4422 dc
932 4363 1087 4439 Villoison,
1109 4364 1136 4424 J.
1159 4365 1199 4425 H.
