3074 5202
665 359 849 418 Auctarium
878 356 1106 434 opusculorum
1162 370 1166 376 ’

611 535 808 596 Valckenario
827 555 884 597 suo
904 536 940 598 D.
963 536 1000 597 R.
1020 535 1162 598 salutem.
1275 513 1278 520 Α

347 699 349 702 ·
377 677 414 735 ln
440 678 620 754 praefatione
644 679 680 736 de
701 677 875 737 Graecorum
897 682 1044 752 cretarum
1065 677 1243 738 successione
1263 679 1424 756 disputabo
1435 727 1444 755 ,

338 788 373 846 de
394 807 453 864 qua
472 788 595 867 insignis
620 789 701 848 locus
722 791 766 848 est
786 787 929 848 Ciceronis
953 785 1226 846 camaenas.
1255 787 1286 848 Is
1306 795 1445 866 quanto-

336 918 405 974 pere
432 919 449 957 a
475 900 592 960 Pearcio
620 900 742 977 aliisque
767 901 890 959 vexatus
918 898 973 970 sit,
998 897 1073 956 nihil
1100 897 1207 956 attinet
1226 898 1331 957 dicere.
1363 900 1441 957 Mihi

335 1027 449 1085 semper
468 1010 591 1069 mutilus
610 1010 690 1072 risus
710 1011 769 1083 est,
800 1012 830 1067 et
852 1008 893 1068 sic
909 1007 1123 1068 restituendus:
1146 1005 1221 1066 Ecce
1238 1007 1292 1066 tibi
1308 1015 1440 1067 exortus

335 1125 378 1178 cst
400 1118 561 1193 Isocrates,
581 1121 729 1196 mcqister
744 1119 957 1178 laistolicorum
974 1122 1003 1176 et
1019 1107 1178 1177 oratorum
1194 1117 1347 1178 cuculum.
1369 1118 1439 1177 Sta-

334 1229 390 1288 tim
417 1230 535 1316 subjicit
563 1230 692 1306 primum
717 1229 882 1302 historicos,
914 1226 1024 1288 deinde
1048 1229 1186 1288 oratores.
1226 1227 1371 1287 Similiter
1400 1229 1437 1286 de

336 1337 463 1398 Isocrate
482 1339 601 1416 Dionys.
622 1333 714 1398 Helie.
735 1356 764 1415 p.
785 1337 833 1398 94.
854 1338 907 1397 lin.
927 1335 982 1410 28,
1004 1355 1092 1414 quem
1108 1337 1183 1398 vide.
1196 1333 1437 1417 [AliterinRist.

338 1447 382 1506 Cr.
400 1445 448 1507 Or.
464 1447 512 1508 Cr.
530 1470 559 1526 p.
570 1447 644 1522 LXI,
655 1450 744 1510 verbe
755 1449 901 1524 mactatur
909 1447 1040 1506 ictorum
1050 1447 1192 1506 omnium
1203 1449 1315 1506 etextu
1324 1447 1438 1527 ejecit]

380 1557 520 1634 Sequenti
540 1577 602 1635 cap.
621 1559 718 1636 legere
738 1559 853 1617 malim:
874 1555 998 1616 tamdiu
1018 1573 1115 1632 oenus
1133 1555 1213 1614 illud
1230 1555 1360 1615 dicendi
1375 1563 1439 1616 stu-

339 1665 489 1744 diumque
507 1658 614 1744 eiquo.
644 1669 733 1745 Apud
753 1667 874 1728 Graecos
889 1670 988 1726 tamen
1005 1671 1056 1743 ζῇν
1072 1667 1115 1726 ita
1132 1667 1266 1726 occurrit.
1276 1666 1436 1744 Phrynioh.

336 1779 388 1836 Ms.
409 1779 494 1850 Αὐτή
513 1785 566 1835 νῦν
587 1779 710 1850 vincola
730 1779 780 1852 ζῇ,
801 1777 850 1835 ἐπὶ
870 1799 947 1840 τινος
964 1759 1197 1850 εὐδόκιμούντος
1206 1777 1275 1852 χρώ.
1295 1774 1437 1857 [Margini

336 1886 489 1962 adscripsit
504 1885 640 1946 Valcken.
661 1887 774 1946 »multa
790 1886 887 1945 secula
902 1888 1003 1962 postea
1023 1885 1064 1945 sic
1075 1884 1173 1962 viquit
1183 1885 1306 1964 Pythag.
1319 1907 1435 1948 nomen.

335 1997 466 2058 Haecin
486 1997 592 2056 Philas.
614 1997 688 2057 ratio
709 1997 817 2072 acquir.
844 1995 989 2072 Viqebaut
1008 1994 1106 2054 studia
1125 1995 1168 2056 rei
1187 1995 1334 2056 militaris.
1371 2000 1436 2058 Stu-

336 2109 385 2166 dia
404 2107 478 2182 eloq.
500 2106 905 2183 elicuerunt—pulcritudo
926 2108 1025 2186 ὀλίγον
1045 2107 1094 2180 ζῇ,
1115 2105 1232 2164 Theocr.
1254 2104 1303 2182 23,
1321 2107 1383 2192 32]

376 2219 403 2275 A
424 2216 572 2275 Clemente
590 2216 746 2276 Alexandr.
768 2215 872 2276 Strom.
894 2216 944 2276 VI.
964 2235 993 2292 p.
1015 2213 1075 2274 7118
1096 2215 1204 2276 citatur
1224 2220 1337 2293 orator,
1370 2221 1436 2280 mihi

338 2327 520 2406 incogniCUS,
549 2335 657 2414 Νινίας
685 2329 715 2384 ἐν
744 2321 782 2414 τῷ
812 2329 882 2402 πρὸς
908 2329 1022 2386 Λυσίαν
1040 2327 1095 2385 elo.
1135 2325 1223 2385 Forte
1250 2329 1378 2388 nomina
1405 2333 1433 2392 sie

338 2438 569 2514 transponenda:
597 2443 709 2504 Λυσίας
732 2439 763 2495 ἓν
789 2439 827 2514 τῷ
855 2437 928 2512 πρὸς
953 2443 1074 2496 Νικίαν.
1100 2433 1277 2517 [Adscripsit
1295 2437 1434 2502 Valcken

338 2554 467 2612 »Λυσίας
487 2547 517 2603 ἐν
538 2549 576 2624 τῷ
595 2549 668 2622 πρὸς
685 2549 839 2617 Κλεινίαν,
861 2545 911 2604 sed
929 2546 986 2605 ista
1005 2548 1094 2607 verba
1114 2547 1216 2625 Lysiae
1236 2569 1264 2624 p.
1285 2547 1366 2624 331,
1390 2553 1435 2614 3.''

336 2691 377 2702 -
404 2655 445 2714 Cf.
472 2655 548 2715 Hist.
576 2655 621 2713 Cr.
650 2653 698 2712 Or.
726 2653 774 2713 Cr.
794 2675 823 2732 p.
843 2653 930 2737 XL]
945 2657 1055 2716 Eadem
1074 2675 1141 2735 pag.
1161 2657 1241 2735 lege:
1272 2668 1390 2726 Λυσιας
1410 2663 1437 2718 ἰν

338 2779 399 2832 τοῖς
421 2767 601 2843 ὀρφανννοῖς.
631 2765 730 2838 Quod,
751 2765 801 2826 vix
821 2765 936 2840 dubito,
959 2765 1032 2844 quin
1052 2767 1087 2826 ab
1108 2765 1171 2826 eliis
1191 2771 1369 2844 occupatum
1390 2771 1436 2829 sia

337 2876 406 2953 Peg.
424 2872 499 2947 747,
520 2874 683 2934 Andocides
702 2875 859 2936 Isocratem
884 2877 1050 2953 compilasse
1070 2877 1190 2936 dicitur:
1218 2878 1297 2955 quod
1316 2877 1437 2938 credere

338 2986 387 3045 vix
406 2984 513 3048 sinunt¹
528 2985 666 3061 temporis
686 2985 822 3046 rationes
854 2985 950 3055 Quid?
968 2969 995 3046 ¹si
1016 2988 1062 3046 hic
1082 3005 1197 3064 quoque
1213 2987 1437 3049 nominetrans-

337 3112 488 3171 ponamus.
520 3091 565 3153 'lu
584 3113 631 3154 me
652 3095 774 3155 certiora
794 3096 916 3156 docebis.

619 3253 815 3334 Valckenario
834 3273 890 3315 suo
908 3228 1047 3314 salutern*
1062 3257 1098 3318 D.
1121 3257 1159 3318 R.

374 3395 518 3454 Miserunt
534 3394 571 3453 ad
589 3413 635 3453 me
650 3396 849 3456 Berclinenses
867 3395 925 3456 duo
942 3397 1073 3473 exempla
1090 3397 1219 3478 Cetelogi
1228 3399 1434 3472 Ileutsehieni,

335 3483 469 3583 petentes
487 3506 523 3563 ut
543 3505 668 3564 alterum
692 3505 800 3564 Tecum
820 3507 1074 3567 communicarem.

373 3616 453 3675 Dum
472 3615 570 3694 relego
590 3635 662 3692 quas
683 3615 753 3674 clim
773 3615 810 3675 ed
832 3616 990 3676 Ernestum
1009 3617 1145 3676 miseram
1161 3619 1382 3704 'obseruationes
1403 3622 1433 3680 in

335 3727 572 3803 Xenophontem,
593 3725 697 3786 haereo
716 3726 791 3786 libro
803 3712 952 3799 secundo,
973 3727 1025 3786 ubi
1045 3727 1175 3788 Socrates
1196 3749 1264 3790 oum
1283 3711 1435 3792 Critobulo

337 3837 372 3895 de
392 3836 522 3896 amicitia
541 3836 681 3912 disputat.
713 3836 787 3896 Ecce
805 3811 949 3896 librorum
967 3837 1148 3901 varietatem.
1168 3839 1289 3900 Aldina:
1309 3841 1435 3907 καὶτοῖς

336 3949 393 4003 τῶν
419 3948 532 4024 ὡραίων
559 3947 747 4024 ἀφροδισίοις
773 3947 908 4022 ἑλόμενον
934 3945 1122 4024 ἔγκαρτερεῐν.
1150 3950 1202 4008 Ms.
1226 3950 1306 4010 Leid.
1327 3954 1360 4011 et
1378 3952 1435 4013 Ed

336 4053 424 4114 Basil.
453 4056 604 4130 ἡλωμὲνον.
624 4055 768 4132 Excerpta
787 4056 939 4118 Vcssiana:
968 4059 1136 4132 ἑλκόμενοι,
1156 4060 1235 4136 quod
1255 4060 1345 4120 etiam
1365 4063 1436 4123 Bes-

335 4162 411 4224 sario
432 4162 464 4222 in
481 4162 558 4222 libro
576 4181 629 4224 suo
649 4163 793 4225 invenisse
813 4165 942 4241 videtur,
963 4170 1096 4228 vertens:
1118 4171 1259 4246 quamvls
1277 4169 1437 4250 voluptate

336 4271 503 4331 ducantur.
534 4271 763 4335 Leunclaviana:
793 4276 941 4350 ἡδόμενον.
978 4277 1062 4347 Quod
1087 4279 1157 4340 satis
1184 4281 1288 4356 placet.
1325 4282 1373 4342 Sic
1401 4285 1432 4341 in
