3074 5202
390 415 392 421 ’
452 419 494 476 ad
519 417 619 478 Vitam
647 419 876 498 Wyttcnbachii.
1156 423 1215 484 107

149 597 185 655 r.
205 592 274 657 aaa.
297 593 470 672 annnam
488 565 548 656 aa
565 597 717 674 praseae·
736 615 841 675 sopor,
853 598 1141 680 -mtaioptava’ff
1162 601 1210 660 aa

97 706 168 766 hoc
186 707 258 780 iter,
279 706 315 764 de
335 705 433 765 disin
453 707 545 780 diem,
565 710 601 766 ut
620 709 752 782 videtur,
775 709 915 781 dilatum,
937 710 1210 785 pertinetOrenaeii

100 816 149 876 ad
170 816 319 893 Wyttenb.
341 817 462 892 epistola
482 835 580 878 mense
602 819 866 898 Septembrjdata:

470 977 775 1037 WYTTENBAGHIO
795 995 851 1038 sao

487 1087 514 1145 S.
535 1087 643 1145 FRED.
665 1088 840 1146 GREUZER.

153 1226 240 1286 Titne
265 1226 298 1284 in
317 1226 489 1285 Germania?
515 1227 600 1288 Vero.
628 1227 712 1286 Salve
731 1227 906 1304 plurimum!
937 1229 1044 1287 Faxint
1064 1229 1126 1302 Dii,
1158 1229 1211 1305 qni
1270 1293 1272 1300 ¹

102 1338 301 1398 cunctantem
318 1336 365 1395 ΤΕ
381 1337 545 1396 excitarunt
555 1338 674 1396 tandem
684 1337 855 1414 aliquando,
867 1373 906 1382 -
916 1337 1010 1398 faxint
1020 1341 1056 1398 ut
1065 1338 1212 1398 conducat

105 1448 237 1524 longum
260 1447 320 1506 itan
336 1449 406 1506 tuae
426 1447 597 1506 valetudini.
629 1447 712 1516 Quod
731 1448 836 1523 utique
848 1437 989 1506 ¹futurum
1008 1450 1068 1522 est,
1089 1447 1210 1509 sirecte

107 1575 257 1635 auguror,
280 1575 314 1616 ac
332 1556 359 1617 si
376 1575 422 1615 me
443 1557 544 1615 audire
563 1557 622 1628 vis,
645 1559 675 1614 et
696 1576 729 1615 ea
748 1557 857 1629 faeere,
879 1577 954 1634 quae
970 1557 1034 1616 fieri
1052 1557 1088 1617 ab
1105 1576 1140 1618 eo
1156 1577 1210 1634 per

109 1669 173 1740 eet,
202 1667 255 1744 qni
281 1685 350 1726 suae
376 1667 538 1727 valetudini
559 1669 589 1726 et
607 1667 668 1726 suis
687 1668 785 1726 amicis
805 1669 971 1728 consultum
992 1669 1083 1745 cupit.
1114 1668 1208 1727 Nimi-
1245 1717 1249 1722 .

108 1796 181 1837 rum
205 1771 436 1836 continuandum
455 1777 511 1836 iter
531 1780 575 1835 est
590 1811 630 1819 -
648 1776 870 1854 Heidelbergam
890 1797 999 1861 usqum
1024 1797 1121 1854 neque
1140 1775 1209 1837 vere

109 1886 331 1948 subsistendum
348 1887 380 1946 in
399 1887 504 1945 medio.
525 1885 632 1964 Perget
653 1887 757 1964 Perge!
784 1926 822 1936 -
846 1906 900 1962 per
926 1888 1005 1948 viam
1023 1889 1210 1961 montanam,

110 1996 453 2056 distinctem‘arbmibus
472 1996 651 2072 vinetisque,
673 2016 749 2072 quae
769 1997 879 2058 velavit
898 1999 1070 2074 pampineus
1090 1999 1212 2057 autum-

110 2125 179 2168 nus.
209 2106 374 2166 Prodemnt
394 2106 485 2165 ocutis
504 2106 564 2166 tuis
583 2105 635 2164 illa
654 2106 756 2166 vireta.
788 2107 921 2166 Proderit
941 2108 1013 2166 item
1029 2114 1079 2166 aer
1095 2107 1146 2182 ilie
1160 2125 1210 2168 ve·

110 2218 219 2290 locier,
234 2236 322 2292 quem
340 2216 454 2276 exhalat
470 2217 590 2292 rapidus
608 2218 817 2295 caeruleusque
832 2217 928 2276 Nicer.
949 2217 986 2276 In
1003 2219 1066 2294 ejus
1079 2218 1150 2293 ripis
1166 2218 1214 2278 in·

114 2327 296 2388 ambulemus
316 2345 369 2404 per
388 2327 449 2388 dies
469 2327 595 2404 aliquot,
616 2327 788 2404 praesertim
806 2327 860 2387 nbi
879 2329 987 2387 sudum
1007 2329 1121 2390 coelum
1140 2346 1210 2405 pro-

110 2437 171 2515 prii
190 2437 310 2496 luminis
329 2437 482 2512 splendore
500 2436 643 2498 amdebis.
664 2438 702 2494 Et
719 2439 904 2515 augmentur
920 2439 1029 2498 nautae
1046 2438 1209 2516 rusticique

113 2547 202 2608 etiam
230 2547 347 2606 calores.
367 2547 500 2606 —Vide
527 2565 602 2624 qnae
628 2548 668 2606 Te
693 2567 810 2622 movere
830 2548 955 2608 debeant
975 2549 1012 2607 ad
1030 2563 1208 2626 persequen-

116 2657 184 2718 dum
215 2675 335 2716 cursum
363 2654 495 2715 instituti
521 2657 644 2715 itineris.
666 2695 705 2708 -
724 2657 764 2715 Et
789 2676 886 2733 posses
912 2677 965 2736 per
991 2659 1206 2731 Menhemium,

110 2769 372 2844 Berbetomagum‚
393 2767 579 2844 Moguntium
599 2767 631 2824 in
650 2767 742 2824 altere
767 2765 831 2841 ripa
855 2766 950 2826 Rheni
968 2784 1069 2826 reeens
1085 2767 1145 2828 iter
1163 2787 1208 2826 re-

110 2879 238 2964 flectere.
259 2905 298 2917 -
317 2876 374 2936 Sed
390 2877 505 2949 tamen,
525 2874 550 2934 si
564 2875 665 2934 omnia
680 2877 711 2934 te
727 2877 862 2936 avertant
879 2875 971 2957 (qnod
980 2876 1058 2936 Deus
1068 2875 1208 2956 avertatt)
1280 2855 1282 2858 ⁵

112 2987 168 3048 ubi
192 2987 320 3064 quidam
342 2991 462 3064 potero,
491 2987 614 3059 curabo,
639 2987 675 3044 ut
694 2985 766 3060 Vae,
786 3003 839 3060 per
858 2971 970 3061 aliqnot
989 2987 1067 3045 certe
1086 2985 1206 3047 hanalae

111 3099 229 3160 videam
247 3097 296 3158 vel
313 3097 463 3158 Hanoviae
482 3096 530 3158 vel
548 3096 742 3156 Francofurti.
770 3095 873 3171 Neptis
889 3096 1020 3156 narrabit
1037 3096 1117 3169 Tibi,
1135 3095 1208 3172 quid

110 3210 145 3270 in
164 3217 250 3268 causa
269 3208 321 3280 sit,
348 3227 401 3266 cnr
418 3207 463 3265 nil
483 3207 555 3266 certi
577 3207 684 3282 possim
703 3205 850 3282 polliceri,
872 3209 902 3265 et
922 3206 994 3283 quid
1014 3205 1208 3266 cummaxime

111 3337 161 3378 me
179 3317 356 3395 impeditum
374 3318 483 3398 teneat.
524 3316 604 3383 Vale.

152 3429 212 3490 Ser.
232 3427 444 3505 Heidelbergae
463 3426 490 3485 d.
512 3441 571 3486 xxv
591 3426 752 3503 septembr.
773 3442 928 3486 Mncccxvr.

153 3569 234 3639 Quae
257 3568 312 3627 hoc
339 3568 396 3626 iter
420 3569 520 3626 secuta
539 3568 624 3640 sunt,
644 3570 728 3644 grata
747 3570 778 3627 et
796 3569 925 3644 ingrata,
946 3587 1083 3645 prospera
1103 3572 1133 3627 et
1153 3570 1206 3628 ad·

112 3697 209 3752 versa,
236 3678 375 3737 Gramma
399 3697 451 3737 sne
478 3677 625 3753 rescripsit
651 3677 683 3735 in
708 3677 830 3754 epistola
855 3676 874 3736 8
899 3678 1054 3739 Novembr.
1076 3680 1206 3756 ejusdem

113 3789 200 3864 anni,
228 3807 318 3865 quam
345 3787 436 3846 edidit
462 3787 585 3864 quidem
607 3785 742 3846 Mahnins
767 3787 847 3846 Fase.
868 3787 900 3846 II
926 3807 955 3865 p.
977 3787 1017 3846 90
1036 3807 1078 3866 sq.
1105 3791 1207 3850 sedin

113 3917 173 3976 qna
192 3897 409 3969 desiderantur,
430 3917 506 3974 quae
525 3897 557 3956 in
577 3897 644 3957 Vita
664 3916 718 3956 sua
737 3896 814 3978 (Ans
831 3897 903 3956 dem
921 3897 1021 3957 Leben
1031 3899 1115 3958 eines
1124 3898 1209 3958 altera

115 4005 285 4085 stofeseors
311 4024 343 4065 u.
372 4023 394 4065 s.
422 4024 459 4066 w.
490 4006 567 4066 Beil.
596 4007 640 4070 II.
669 4006 702 4066 S.
717 4005 769 4086 85)
793 4007 940 4084 supplevit
960 4007 1132 4081 Cremerae,
1161 4028 1209 4069 se·

113 4118 250 4196 quentia:
281 4118 374 4178 »Nolo
394 4121 425 4177 te
444 4118 579 4196 ignorare
598 4139 646 4178 me
664 4119 710 4177 his
729 4119 832 4178 diebus
852 4138 868 4178 a
888 4120 966 4197 Rege
985 4121 1085 4180 nostro
1103 4121 1208 4180 conde-

114 4231 247 4289 coratam
273 4248 334 4289 esse
360 4229 443 4307 signo
472 4229 588 4289 Ordinis
612 4230 754 4308 equestris
780 4230 906 4307 Belgici,
931 4230 1021 4306 idque
1041 4249 1108 4291 eum
1128 4247 1210 4288 sexa-

115 4339 198 4418 ginte
226 4339 291 4399 aliis
318 4339 526 4400 sodalibus-
551 4375 590 4384 -
610 4341 689 4401 Illud
718 4341 806 4400 etiam
834 4342 905 4400 scias
933 4341 1020 4400 velim
1044 4360 1091 4401 me
1115 4359 1210 4414 nuper
