3074 5202
448 385 490 444 ad
516 385 617 448 Vitam
643 383 872 462 Wyttenbachz'i.
1143 473 1146 480 .
1180 387 1236 448 111

122 563 282 646 φερόμην
312 561 410 644 ήρέμα
441 588 504 637 πως
532 566 575 635 εἰς
604 564 734 646 εόρῥοιοίν
760 589 830 630 τινα
855 539 1036 642 Ἑλληνικῆς
1059 563 1194 645 λέξεως,
1222 565 1241 644 ή

126 707 186 762 μοι
226 691 276 750 νῦν
308 681 352 750 ἔτι
384 684 573 766 παραμένει·
605 682 680 750 ῶστε
714 684 876 764 δεξόμενος
904 687 959 761 τήν
983 686 1146 762 ἐπιστολήν
1169 710 1240 779 σου,

126 807 187 872 καί
224 808 293 888 περί
316 831 367 873 σου
387 807 751 886 διανοούμενος,·ε’δόκουν
771 831 821 883 μοι
842 807 996 880 ἑλληνιστὶ
1016 805 1114 890 ῶσπερ
1137 807 1240 888 παρὼν

126 926 270 1008 παρόντι
300 925 523 1006 διαλέγεσθαι·
551 929 602 992 καί
627 927 661 1000 δή
697 934 857 1007 περινοστῶ
881 951 924 991 σοι
949 925 1082 1007 κοίτοχος
1108 927 1164 992 ὑπὸ
1184 935 1241 1004 τής

70 1031 80 1045 ’
124 1051 324 1124 Ἑλληνικῆς
356 1054 545 1131 συγγραφῆς
576 1047 674 1128 ῶσπερ
707 1049 763 1114 ὑπὸ
794 1056 934 1114 Μουσῶν.
970 1049 1029 1113 Καὶ
1053 1050 1114 1127 μην
1138 1047 1240 1128 ἐγωγε
1312 1087 1315 1096 2

126 1169 223 1246 {int-5*
247 1169 285 1234 ἂν
308 1169 420 1244 τλαίην
445 1167 611 1248 ἑλληνίζειν
632 1168 703 1246 πρὸς
724 1167 812 1233 ποίνή
834 1169 1037 1234 ὅντινσῡντῶν
1058 1169 1241 1252 φασκόντων

127 1289 293 1368 ἐμπείρων
324 1287 400 1354 εἶναι
431 1289 612 1364 Ἑλληνικῆς
644 1292 786 1366 γλώσσης
818 1289 870 1354 καί
902 1273 1059 1362 παιδείας·
1094 1285 1131 1354 ῶν
1154 1290 1189 1365 δή
1214 1293 1240 1355 οί

127 1418 264 1476 πλεῖτοι
287 1411 411 1489 πλήρεις
436 1410 493 1488 μὲν
517 1410 575 1475 είσι
600 1409 699 1491 τύφου
723 1411 776 1474 καί
800 1411 1034 1492 δοκησισοφίοις,
1060 1417 1107 1476 νοῦ
1132 1412 1163 1477 δὲ
1187 1412 1239 1477 καὶ

129 1533 258 1612 φρενῶν
273 1531 378 1596 ,κενοί
392 1531 491 1625 οὶλλόι
515 1533 585 1612 πρὸς
610 1531 644 1594 σὲ
668 1535 761 1609 γοῦν,
784 1527 804 1594 ὦ
829 1531 907 1613 φίλη
934 1533 1075 1616 κεφαλή,
1098 1532 1151 1597 καί
1173 1531 1241 1614 πρέ·

130 1675 193 1716 πει
226 1675 276 1730 μοι
301 1652 354 1717 καί
381 1651 523 1733 προσήκει
547 1652 701 1726 ἑλληνιστὶ
724 1652 876 1735 γριίφειν,
905 1654 957 1719 καί
983 1652 1172 1734 προβιίλλειν
1196 1678 1240 1721 σοι

130 1776 233 1837 τοῦτο
256 1772 290 1836 τὸ
314 1771 484 1848 ἐπιστόλιον
507 1769 604 1854 ῶσπερ
628 1772 796 1852 πρόβλημα
818 1797 848 1837 τι
869 1773 920 1836 καί
940 1775 1077 1839 ὑπόθεσιν
1096 1783 1151 1850 τῆς
1168 1775 1241 1855 πρὸς

134 1879 175 1958 τὸ
202 1893 372 1973 ἑρμηνεύειν
395 1893 573 1971 γυμνασίας
597 1894 648 1957 καί
671 1893 822 1971 μελέτης,
846 1891 903 1958 ίίτε
929 1893 1045 1967 δήτῶν
1065 1895 1143 1972 ἐμῶν
1163 1919 1241 1973 γνω-

136 2014 236 2094 ρίμων
263 2014 294 2078 ἐν
325 2022 388 2084 τοῖς
417 2011 561 2094 μοίλιστα
584 2021 639 2086 τής
663 2016 844 2090 Ἑλληνικῆς
869 2015 1054 2091 λέξεωςκαὶ
1078 2017 1241 2096 οίρχοιιυλο·

137 2135 219 2212 γίας
250 2135 394 2216 ἑκηβόλῳ
426 2135 543 2220 τεκαὶ
571 2136 761 2212 ε’πιστήμονι.
795 2135 855 2200 Καὶ
883 2140 972 2200 τοῦτο
1003 2136 1060 2229 μὲν
1087 2133 1135 2201 οὖν
1158 2135 1242 2214 λέγω

141 2239 224 2336 πρός
247 2281 284 2320 σε
319 2256 448 2320 ἐπαινῶν
478 2253 563 2334 ίιξιόν
586 2257 619 2332 γ’
643 2253 715 2321 ὄντα
739 2257 880 2320 ἐπαίνου·
905 2258 958 2320 οὐκ
981 2256 1116 2338 ἐπαίρειν
1140 2281 1174 2321 σε
1199 2255 1242 2322 03-

140 2391 206 2442 λων
227 2375 299 2457 πρὸς
322 2378 552 2456 μεγαλαυχίαν
575 2376 627 2441 καί
651 2375 818 2451 κενότητα·
843 2374 856 2440 ’ό
878 2378 912 2451 δή
934 2375 1060 2455 μοίλιςα
1081 2378 1242 2460 ἀλλότριόν

137 2497 207 2560 ἐστι
230 2504 286 2569 τῆς
309 2522 345 2562 τε
376 2497 447 2578 πρὸς
472 2498 627 2574 ἀλλήλους
650 2497 761 2579 φιλίας
785 2499 837 2563 καί
861 2501 914 2562 τοῦ
935 2498 1045 2579 τρόπον
1069 2503 1122 2562 τοῦ
1147 2500 1239 2576 ἐμοῦ·
1269 2501 1272 2508 ’

137 2615 172 2690 ὃς
197 2617 248 2682 όεί
270 2601 333 2691 πως
357 2616 391 2682 τὸ
417 2618 566 2700 αὐστηρὸν
589 2619 641 2683 καί
667 2619 806 2699 σωτήριον
831 2627 885 2694 τῆς
908 2620 1054 2693 οίληόειάς
1076 2620 1184 2695 διώκω,
1207 2619 1241 2684 τὸ

139 2739 174 2802 δὲ
204 2738 258 2813 ήδὺ
287 2738 338 2802 καὶ
372 2738 531 2819 βλαβερὸν
561 2747 616 2813 τῆς
648 2725 810 2818 οίρεσκείας
834 2738 1067 2819 σίτοτρέπομαι’
1094 2739 1147 2804 καί
1171 2740 1241 2814 τοὺς

141 2858 209 2936 ἐμοὶ
232 2859 416 2938 ὁμιλοῦντας
436 2857 499 2924 ἀπὸ
522 2867 577 2932 τῆς
596 2851 768 2939 φιλαυτίας
788 2860 861 2939 πρὸς
880 2858 921 2928 τὸ,
938 2861 1058 2925 Γνῶθι
1081 2859 1241 2925 Σαυτόν

141 2978 296 3059 μετοίγειν
321 2981 472 3060 ἐπιχειρῶ.

184 3104 278 3166 Ἔστι
302 3101 336 3174 δή
360 3098 483 3172 ποίντως
504 3099 659 3165 θεσπέσιον
676 3099 711 3164 τὸ
730 3096 935 3181 ἀπόφθεγμα
954 3100 1038 3164 τουτί
1056 3101 1091 3165 τὸ
1112 3101 1239 3168 Γνῶθι

141 3218 323 3298 Σαυτόν,
349 3221 402 3286 καί
427 3221 565 3301 σωτήριον
588 3220 652 3285 νέου
676 3227 783 3302 φυχῆς
805 3225 1044 3300 μεγαλοφυοῶς,
1068 3219 1239 3304 αλεξιφοίρ·

140 3343 244 3420 μοικόν
267 3367 303 3408 τε
326 3341 425 3424 τύφου
450 3343 502 3408 καί
526 3341 711 3418 κενοδοξίας,
735 3334 757 3406 ἃ
780 3341 814 3416 δή
838 3341 897 3414 τοὶς
919 3342 1155 3416 ἐπιεικεστάτας
1181 3351 1240 3410 τῶν

141 3463 212 3528 νέων
244 3463 355 3544 φύσεις
385 3461 574 3544 διαφθείρειν
596 3467 701 3543 φιλεῖ·
732 3462 798 3540 ἐμοὶ
823 3466 895 3539 γοῦν
918 3461 967 3527 όεί
992 3461 1150 3544 πρόχειρόν
1172 3466 1238 3529 ἐστι

140 3586 174 3649 ἐν
196 3583 292 3650 παντί
318 3581 394 3665 ἔργῳ
418 3561 473 3650 καί
494 3583 579 3664 λόγῳ
599 3582 651 3648 καί
672 3582 857 3664 γράμματι·
882 3581 933 3647 καί
956 3581 1091 3664 ἔναγχος
1109 3583 1144 3659 δή
1161 3587 1237 3651 αὐτὸ

140 3704 315 3786 παρεθέμην
339 3708 369 3772 ἐν
392 3715 432 3788 σή
456 3707 527 3788 πρὸς
551 3701 677 3770 Είίσδιον
697 3704 748 3771 τὸν
773 3703 916 3786 ήμὲτερον
940 3705 1067 3786 ἐπιτολῇ
1091 3712 1130 3786 τῇ
1156 3704 1237 3770 ε’κδο·

140 3826 223 3904 ίείση
247 3827 302 3892 σὺν
325 3826 367 3907 τῷ
392 3825 503 3891 ἐκείνου
526 3826 670 3906 βιβλιδίῳ
694 3822 727 3890 οὗ
750 3826 804 3900 τήν
826 3824 1004 3906 ἐπιγραφήν
1022 3821 1063 3888 ῶν
1081 3847 1128 3897 τις
1148 3825 1237 3901 ἑλλη-
1286 3813 1290 3821 ’

141 3946 225 4029 νίζων
256 3943 472 4030 μεταφροίσειε
505 3953 636 4025 Δεῖγμα
667 3944 796 4028 κριτικὸν
819 3944 885 4025 περὶ
910 3943 1093 4017 Πλοίτωνος·
1126 3915 1240 4011 αὐτόθι1

140 4066 192 4132 καί
223 4071 276 4133 σοῦ
308 4068 505 4146 ἐμεμνήμην,
536 4064 559 4131 ὦ
587 4066 746 4149 φίλτατε,
779 4065 830 4130 καί
857 4067 890 4140 δή
915 4064 967 4134 καὶ
992 4067 1157 4146 Σλυιτήρου
1183 4067 1235 4132 καί

139 4189 235 4254 αὐτοῦ
259 4192 312 4254 τοῦ
337 4186 482 4253 Εὑσδίου.
515 4192 568 4252 τοῦ
591 4188 648 4267 μὲν
669 4184 716 4254 οὖν
740 4187 906 4265 Σλυιτήρου
928 4187 965 4258 ῶς
990 4186 1043 4261 ήδη
1068 4185 1235 4268 προαχθέν-

139 4333 190 4382 τος
224 4311 266 4381 είς
295 4308 345 4373 τὸν
375 4308 523 4390 ῥητορικὸν
555 4307 648 4388 θρόνον
678 4315 732 4381 της
757 4310 786 4372 ἐν
811 4306 990 4389 Δαβεντρίςι
1014 4307 1234 4381 διδασκαλίας·
