3074 5202
414 453 418 460 ·
456 426 500 486 ad
527 428 627 486 l'iloae
651 429 840 487 [tiliamenti.
1157 431 1197 492 δῖ

90 609 193 668 bendi
218 609 313 670 laude
329 609 375 668 ita
393 609 574 680 eumularit,
601 611 652 677 ut,
675 626 744 664 eum
764 613 853 665 anum
879 608 1012 666 ruribus
1036 610 1198 685 pugnetis

91 721 187 780 unios
212 719 260 780 rol
285 719 412 778 maxime
438 716 1098 794 oertoopmmdureutdoctihomines.in
1124 721 1198 777 smi-

92 829 202 904 ptiene
214 829 320 888 autom
339 829 370 886 ot
386 828 518 886 mationa
538 826 636 884 soluta
653 826 747 901 magis
766 826 949 884 difficultatis
965 830 996 886 et
1009 829 1195 888 olmiitatiu

93 958 189 1015 quam
212 936 430 1014 perspicuitatis
456 939 488 993 a
514 935 678 1012 amose
695 934 821 993 masos
839 935 1059 1008 amissura,
1081 907 1196 996 aaa

94 1048 209 1108 kentero
239 1047 377 1107 nativum
405 1045 547 1104 motionis
579 1045 689 1102 latinae
714 1044 840 1102 oolam
864 1045 982 1119 jamdiu
1007 1047 1195 1109 uolitantum

94 1175 178 1218 unus
203 1157 368 1228 mouserot,
394 1157 425 1212 ot
450 1173 518 1212 oum
541 1154 704 1229 prumtis
729 1155 946 1230 humexemplo
965 1156 1028 1230 ipso
1046 1176 1102 1218 ouo
1121 1159 1195 1218 bene

94 1267 244 1328 scribendi
270 1265 348 1325 viam
374 1263 529 1341 plasea&
575 1264 784 1322 Ruhnkeuium
808 1265 1196 1328 menesammmlitun

93 1396 159 1436 non
175 1376 279 1449 fuime,
298 1376 355 1434 nisi
374 1375 503 1432 adhibito
523 1373 643 1432 (lameri
662 1373 825 1444 Thesauro,
855 1393 946 1450 quern
964 1377 1196 1455 quotioerunquo

94 1487 134 1545 de
156 1485 282 1562 alicujus
301 1483 434 1545 vocabuli
453 1483 631 1542 auctoritato
649 1485 681 1541 et
699 1503 757 1542 usu
776 1483 932 1546 dubitabat
947 1487 1126 1558 oonsuleret,
1138 1487 1194 1546 sibi

96 1595 257 1672 aliquando
281 1595 314 1654 in
334 1593 471 1652 familiari
490 1592 634 1670 colloquio
652 1593 802 1666 moulins,
832 1598 937 1653 auctor
956 1601 1001 1654 em
1019 1597 1097 1673 Aug.
1117 1597 1193 1654 liat

94 1705 178 1764 thiae
203 1705 236 1763 in
262 1704 453 1764 Miseallaneis
479 1702 683 1782 (Vermisohte
704 1699 876 1779 Schriften,
902 1704 1021 1764 Altenb.
1041 1703 1143 1784 1842)
1162 1727 1192 1783 p.

94 1813 158 1874 179
185 1833 227 1890 sq.
254 1814 316 1874 loeo
340 1814 422 1872 lectu
440 1831 510 1872 sano
532 1813 638 1889 digno,
658 1812 710 1870 aod
728 1813 859 1890 longiore
877 1832 967 1890 quam
986 1818 1021 1874 nt
1039 1815 1088 1874 hio
1106 1835 1194 1892 appo-

96 1925 194 1982 natur.
236 1922 277 1983 Oi
304 1941 390 1998 porro
416 1922 486 1980 Luo.
509 1921 626 1979 Mullori
652 1921 782 1980 Historia
799 1921 976 2000 Philologiao
995 1925 1109 2002 saepius
1128 1926 1193 1984 lan-

97 2033 180 2104 data,
200 2051 228 2108 p.
248 2029 286 2090 31
306 2050 371 2106 sq..

137 2143 171 2198 P.
192 2140 261 2200 232.
283 2135 437 2198 Htootim
456 2138 567 2198 mattos
580 2140 759 2217 jooit,·sioe
772 2150 1113 2217 praesenseram,
1130 2146 1192 2204 sive

96 2251 236 2310 absentes
251 2247 407 2330 epistolis]
433 2249 501 2322 His,
529 2253 644 2326 praeter
670 2269 733 2321 eoo,
763 2271 836 2326 quos
862 2253 924 2327 ipse
952 2254 1193 2330 Wyttenhaohius

96 2360 275 2434 nominarit,
302 2361 333 2418 et
360 2378 412 2418 nos
439 2378 506 2418 oum
531 2360 562 2417 in
587 2359 712 2418 Praefat.
738 2361 774 2417 ad
800 2361 904 2436 Opuso.
926 2363 1081 2424 Ruhnken.
1102 2384 1132 2441 p.
1151 2366 1191 2426 LI

95 2490 157 2548 sqq.
184 2473 250 2528 tmn
276 2470 309 2527 in
335 2468 443 2528 Annot.
472 2470 509 2526 ad
534 2471 562 2527 h.
580 2471 600 2527 l.
620 2490 649 2546 p.
671 2470 829 2529 ooo-487
848 2473 990 2545 diximus,
1010 2493 1090 2534 nuno
1109 2494 1192 2536 aooe-

97 2582 169 2638 daut
189 2580 240 2638 alii
258 2580 409 2651 nonnulli,
431 2579 468 2637 de
487 2579 595 2655 quibus
613 2583 713 2654 postea
727 2567 852 2638 ‘demum
872 2583 954 2640 nobis
972 2584 1112 2644 innotuit.

136 2690 180 2748 Ao
203 2689 333 2765 primum
357 2688 476 2764 quidem
498 2687 647 2746 Goeostus
666 2690 732 2762 ille,
752 2691 788 2748 de
808 2711 867 2766 quo
887 2693 924 2749 ad
943 2693 1080 2770 Elogium
1098 2697 1190 2756 Hem-

96 2799 233 2860 sterhusii
253 2799 394 2870 diximus,
421 2799 471 2856 oui
492 2799 648 2874 Porphyrii
666 2800 705 2857 de
725 2800 823 2859 Antro
843 2789 1190 2878 Nymphamm'edifia

97 2929 164 2968 uem
183 2910 300 2985 paranti
319 2908 427 2968 auxilia
446 2909 592 2984 praestitit
610 2909 818 2983 Ruhnkenius,
839 2913 926 2970 utin
944 2913 1069 2971 Praefat.
1085 2919 1189 2992 gratus

99 3018 226 3094 ognovit.
254 3016 442 3087 »Quantum'
468 3018 566 3094 iuquit
590 3039 619 3095 p.
640 3019 749 3078 XXVII
777 3021 973 3097 »Porphyrius
1000 3041 1082 3082 meus
1102 3043 1190 3084 aceu-

100 3134 178 3188 ratae
204 3129 363 3190 eruditioni
386 3130 437 3188 oel.
466 3128 541 3188 Dav.
563 3128 744 3188 ananiense
763 3131 881 3204 debeat,
909 3151 944 3190 ex
964 3133 1058 3192 Variis
1075 3134 1189 3194 Leotio·

100 3241 184 3300 nibus
210 3239 313 3299 lector
337 3242 498 3318 cognoscet.
516 3240 688 3300 Admiratus
707 3242 743 3299 in
759 3240 813 3298 hoo
832 3243 911 3313 viro,
936 3261 971 3300 ex
990 3262 1049 3318 quo
1065 3244 1122 3320 ipsi
1140 3246 1190 3306 in·

100 3353 245 3410 notescere
272 3351 407 3428 contigit,
433 3351 589 3428 imaginem
614 3351 659 3410 fui
685 3351 797 3428 ingenii
823 3351 1083 3413 Hemsterhusiani.
1114 3356 1187 3416 Cum

98 3461 174 3520 enim
200 3449 298 3520 omnia
323 3461 443 3533 habeut,
470 3480 546 3537 quae
571 3461 884 3520 oonsmnmatissimum
905 3462 1024 3522 Critioes
1043 3465 1187 3524 cultorem

98 3569 293 3630 constituunt:
312 3569 464 3647 ingenium
483 3588 563 3640 aere,
596 3571 760 3646 perspicax,
789 3571 912 3645 subtile,
933 3575 1065 3632 animum
1084 3576 1116 3634 in
1135 3575 1188 3632 de-

99 3679 229 3740 vorandis
245 3679 407 3750 laboribus,
429 3681 518 3766 etiam
527 3681 749 3751 molestissimis
767 3681 841 3738 mire
852 3686 1048 3742 constantem:
1067 3684 1187 3744 demum

101 3786 309 3848 aoouratiusima
334 3807 434 3848 rerum
453 3789 574 3848 seientia
594 3790 764 3850 uuiversum
784 3790 937 3850 literarum
955 3793 1088 3851 studium
1107 3811 1187 3852 oom-

99 3896 268 3972 plorassit:
288 3897 522 3973 presularissimis
541 3898 585 3958 his
602 3902 725 3958 natiuae
743 3901 859 3958 dotibus
876 3901 1054 3980 singularem
1069 3921 1186 3964 morum

98 4007 267 4066 suavitatem
290 4008 406 4084 junxit;
435 4008 520 4080 odeo,
549 4011 584 4066 ut
611 4010 689 4068 solus
708 4010 848 4082 suffioiat,
874 4011 910 4067 ad
930 4011 1082 4087 vulgarem
1102 4013 1187 4074 illam

98 4118 268 4182 calumniam
294 4119 509 4195 depellendam,
537 4133 596 4194 qu'a
621 4120 775 4210 ingenium
794 4121 893 4178 Ouitioi
915 4123 945 4178 ot
964 4120 1135 4182 literatorie
1154 4123 1186 4182 in

98 4227 261 4287 universum
285 4228 401 4290 difficile
428 4246 461 4286 ao
488 4247 635 4288 morosum
655 4229 790 4288 habetur.
820 4231 940 4288 hoster
959 4233 1022 4307 ojus
1039 4232 1186 4292 amada

101 4336 202 4411 timess,
223 4355 300 4414 quae
315 4337 489 4412 plerumque
509 4342 623 4412 certae,
647 4356 760 4412 semper
780 4338 879 4398 coltoe
897 4342 967 4400 sunt
984 4343 1014 4400 et
1029 4339 1185 4415 topeoiooe
