3064 5210
463 441 506 500 nd
534 437 632 500 Vitam
656 438 845 500 {intentanti
1002 517 1006 524 Ι
1163 441 1203 502 19
1312 494 1315 506 .

89 621 144 695 11;
176 620 304 698 indeque
330 619 479 680 nonnuliis
499 617 620 679 aliunde
638 617 743 676 additis
763 619 867 678 auotae
886 619 918 679 in
939 617 1093 680 Germania
1114 634 1198 698 rope·

16 709 19 716 1
89 733 174 790 titee
202 733 235 792 in
261 729 466 790 Friedemanni
485 727 1041 804 CollectioneBrunsvioenaia.1828.
1072 729 1139 788 Non
1158 729 1201 788 itu

92 842 198 904 mune
222 843 288 918 post
313 840 511 917 epistolarum
530 821 715 912 11111111,
743 857 815 914 qun
831 838 1008 914 Jamprnem
1028 838 1199 915 wytona-

93 951 185 1012 ohina
210 952 296 1011 edere
322 951 378 1010 aibi
396 951 602 1026 proposuerat,
625 966 705 1006 nuno
725 948 854 1023 primum
874 967 910 1006 ex
930 947 1117 1026 autographis
1136 947 1203 1007 edi*

93 1065 223 1136 tunm.
245 1063 307 1120 1111
339 1060 474 1135 deinceps
500 1058 652 1118 faeeioulos
677 1057 807 1134 prodidit
834 1057 1006 1118 Guilieimne
1031 1057 1200 1118 Leonundue

92 1172 222 1246 Mutine,
249 1171 412 1248 Viiaeingae
435 1187 470 1228 ex
488 1167 688 1245 typographeo
709 1168 763 1226 filii
783 1167 829 1227 sui
848 1168 964 1226 Maxim.
985 1169 1054 1226 Ant.
1077 1167 1200 1240 Manna.

94 1281 185 1340 annio
215 1279 296 1340 1832
326 1275 470 1350 111831;
498 1295 625 1354 quorum
644 1278 738 1352 primo
759 1276 947 1335 continentur
968 1274 1149 1335 Rutupinoue
1168 1279 1200 1336 et

102 1389 317 1449 Valckenomi
344 1388 487 1464 epistolae
505 1391 650 1461 mutuae,
677 1387 768 1444 altero
789 1384 970 1444 Ruhnkenii
991 1385 1033 1443 ad
1060 1385 1199 1463 1111111111-

94 1499 258 1574 bachium,
282 1503 427 1575 postremo
444 1498 576 1574 ejusdem
593 1497 635 1556 ad
657 1496 796 1555 Diuersos
815 1497 963 1572 epistolae.
993 1495 1046 1556 His
1063 1498 1128 1572 poet
1146 1497 1199 1556 ali-

95 1611 175 1686 quot
205 1627 348 1668 annorum
379 1607 569 1668 intervallum
595 1608 779 1665 accesserunt
806 1603 1029 1680 supplementa
1055 1603 1097 1663 od
1124 1605 1197 1682 Epi·
1304 1575 1313 1598 x

93 1717 191 1778 stolae
221 1717 298 1778 Dav.
329 1716 510 1777 Ruhnioenii
540 1723 569 1775 et
600 1716 681 1776 Dan.
714 1714 952 1792 wyttenbachii,
980 1715 1114 1792 itemque
1132 1715 1199 1776 otia

95 1828 235 1888 aliorum
263 1827 411 1887 anecdota
438 1828 517 1887 edita
543 1831 574 1886 et
601 1825 839 1886 annotationibus
864 1824 1012 1887 illustrata
1039 1825 1075 1884 ab
1098 1801 1210 1885 eodem'

96 1939 232 2011 hiennio,
263 1938 519 2016 Lugduni-Butam
550 1937 629 2012 apud
658 1937 735 1994 Sam.
762 1938 793 1994 et
817 1935 863 1994 Jo.
888 1934 1078 2008 Lnohtmane,
1108 1934 1197 1998 1847.

99 2047 304 2108 Innotuerunt
322 2049 405 2108 brevi
424 2050 490 2124 poet
508 2047 677 2106 Ruhnkenii
696 2046 733 2105 nd
753 2045 852 2107 Herm.
874 2045 1000 2104 'sollium
1020 2045 1151 2124 quinque
1168 2049 1200 2106 et

100 2157 189 2217 'Pollii
215 2151 253 2214 ad
278 2155 487 2216 Ruhnkenium
517 2159 645 2234 quatuor
671 2155 828 2232 epistolae,
851 2173 924 2230 quas
942 2155 1072 2230 primum
1090 2155 1200 2232 publioi

95 2267 177 2344 juris
194 2266 267 2326 feeit
286 2268 372 2327 Tollii
392 2286 493 2344 nepos,
514 2267 560 2326 vir
580 2266 762 2326 doetissimua
781 2266 810 2324 J.
828 2265 858 2324 G.
875 2265 1007 2339 Drabbe,
1027 2265 1199 2356 111811111-
1269 2269 1272 2278 “

98 2377 197 2436 larum
222 2376 432 2447 literanum,
461 2396 478 2434 a
506 2376 728 2452 Gymnaeiorum
752 2376 919 2436 doctoribus
945 2376 1106 2448 aditurum,
1134 2375 1197 2436 Vol.
1263 2432 1266 2437 ,

99 2486 142 2546 IX
161 2505 255 2564 eoque
274 2489 419 2562 postremo
439 2486 529 2566 (Traj.
551 2487 588 2544 ad
607 2486 698 2545 Rhen.
720 2484 812 2566 1848)
831 2507 860 2562 p.
881 2484 1050 2545 151-174.
1080 2485 1197 2562 Episto-

99 2597 147 2656 lae
166 2597 203 2654 ad
220 2595 381 2669 Koenium,
403 2595 535 2676 Gregorii
550 2595 680 2654 Corinthi
695 2596 852 2668 editorem,
873 2595 1073 2673 fragmentum
1088 2594 1199 2671 prodiit

99 2707 131 2766 iu
145 2706 347 2782 Mnemosynen
364 2725 381 2764 a
397 2706 487 2765 Bekio
504 2708 536 2764 et
552 2704 658 2764 Oobeto
676 2705 845 2768 editaoVol.
857 2705 892 2764 X.
903 2724 927 2765 a.
938 2702 1026 2764 1861.
1045 2724 1075 2781 p.
1086 2702 1197 2780 334sq.

100 2815 137 2874 ed
146 2815 379 2888 Valckenarium
390 2815 423 2873 in
432 2816 521 2891 hujus
529 2815 668 2874 Memoria
679 2814 768 2895 (Traj.
780 2815 816 2873 ad
826 2814 917 2873 Rhen.
928 2810 1030 2892 1871).
1041 2835 1070 2890 p.
1081 2812 1143 2874 115
1153 2833 1197 2890 sq.

141 2925 240 2994 Quum
264 2943 334 3012 vero
359 2924 392 2984 in
418 2924 562 2984 iaeoiouiie
587 2944 605 2982 a
631 2925 747 2984 Mahnio
773 2924 873 2998 editis,
899 2924 935 2982 de
959 2926 1108 3000 oompaoto
1128 2943 1196 2984 enm

103 3015 328 3105 Luehtniansiis,
355 3051 415 3096 non
439 3052 558 3093 recusae
584 3035 644 3093 sint
670 3034 807 3093 oollootae
833 3033 1046 3109 Opueoulorum
1067 3035 1146 3092 tomo
1164 3033 1197 3092 11
1328 3101 1330 3104 ¹

105 3142 257 3219 epistolae,
284 3142 441 3202 dolendum
466 3161 534 3202 eane
561 3162 608 3202 eae
628 3143 723 3202 adhue
741 3142 875 3219 pluribus
894 3143 964 3202 loeis
984 3142 1127 3218 dispersae
1146 3162 1197 3204 ex·

104 3256 194 3328 stare,
219 3253 345 3312 neudum
369 3272 468 3314 omnes
487 3271 547 3313 nno
568 3254 728 3331 eodemque
746 3253 895 3314 volumine
915 3253 1095 3328 conjunctim
1113 3253 1196 3314 exhi-

104 3363 174 3422 beri.
203 3363 400 3422 Praeetitieaet
423 3364 529 3440 utique
554 3364 591 3424 ab
617 3363 771 3441 Opusoulia
795 3363 1125 3440 exoludi'epistolarum
1144 3383 1197 3440 ap-

103 3471 265 3549 pendicem,
286 3491 392 3550 eoaque
412 3493 511 3533 omnes
531 3474 647 3533 Mahnio
667 3474 792 3536 edendas
811 3473 947 3549 relinqui.

142 3581 304 3655 ceterum.
318 3585 396 3660 quod
417 3585 524 3644 attinet
543 3585 580 3642 ad
600 3584 743 3662 originem
761 3586 792 3644 et
810 3583 917 3658 fontes,
938 3585 1018 3644 unde
1038 3585 1143 3645 ductae
1163 3602 1198 3644 aa

105 3693 251 3752 deeumtae
280 3694 351 3752 111111
376 3693 544 3753 Ruhnkenii
570 3694 708 3771 epistolae
735 3695 793 3754 huo
818 3713 913 3770 usque
938 3695 1049 3768 edituo,
1079 3696 1196 3771 praeter

105 3800 163 3862 Gar.
187 3801 411 3880 Morgensternii
436 3791 637 3882 Programma'
653 3803 861 3864 Scholastioum
890 3804 1069 3880 Dorpatenao
1097 3822 1198 3866 menae

104 3909 240 3970 Januario
260 3913 330 3974 anni
348 3911 444 3986 1823,
465 3913 588 3991 legende
606 3915 677 3973 eunt
697 3932 765 3973 oum
783 3932 858 3990 quae
875 3913 1041 3990 soripaimue
1058 3914 1091 3973 in
1106 3915 1196 3976 Prae-

103 4020 150 4080 nt.
169 4021 206 4081 ad
227 4019 331 4098 Opuao.
352 4041 388 4081 ex
404 4023 450 4082 ed.
467 4023 516 4083 alt
535 4023 629 4102 Lngd.
649 4024 713 4082 Bat.
730 4043 758 4099 p.
776 4019 893 4100 LI'eqq.
911 4023 990 4100 apud
1005 4023 1195 4084 Friedeman-

103 4149 169 4192 num
193 4151 223 4207 p.
244 4131 368 4192 LXXIH
388 4151 451 4210 sqq.
471 4137 502 4193 et
521 4153 550 4210 p.
570 4133 710 4192 LXXXIX
730 4133 796 4213 (ubi
821 4134 974 4209 praeterea
995 4136 1090 4194 exstat
1112 4123 1219 4212 frag!

104 4243 229 4300 mentum
269 4241 415 4318 Epistolae
451 4243 487 4302 ud
521 4245 556 4302 A.
587 4244 625 4302 M.
653 4243 833 4302 Bandinium
859 4249 957 4302 menae
984 4244 1060 4320 Mujo
1087 4242 1195 4323 1769),

107 4353 162 4408 turn
182 4369 258 4426 quae
275 4349 418 4412 fasciculis
436 4372 498 4412 111
517 4353 601 4412 oditis
621 4355 768 4428 praefatur
790 4356 833 4412 est
854 4353 997 4414 Mahniua
