3074 5202
346 407 386 468 86
684 405 869 470 Auctarium
893 409 1119 486 opusculorum

348 587 485 648 ferendus
505 588 542 648 ad
563 590 717 668 Τιμαρόια.
745 589 839 648 Lusus
856 589 946 648 estin
960 588 1071 666 triplici
1086 587 1254 668 significatu
1269 587 1350 651 voeia
1367 595 1458 666 κόρα.

348 699 495 758 Timarete
518 703 592 789 adpo:
611 699 726 758 dedicat
747 705 851 773 κόρας,
868 716 972 776 pupas
993 717 1080 771 suam
1104 703 1178 774 κόρᾳ
1195 705 1326 774 Λιμνᾶτι
1343 703 1460 776 'Apu'-

348 810 428 884 μιδι.
446 811 575 880 Λιμνᾱιι
597 807 707 867 dicitnr
723 827 775 884 pro
793 809 970 888 reprendi,
991 811 1027 867 ut
1037 808 1115 886 apud
1125 807 1287 868 Homerum
1295 809 1349 865 oar
1362 813 1458 884 luypp

347 937 400 994 pro
428 916 511 974 ϋαῒϋι
540 921 640 998 λυγρῇ,
666 918 746 996 quod
773 919 805 976 in
832 919 964 996 margine
992 918 1164 995 exemplaris
1191 917 1249 978 mei
1268 917 1460 993 comparavit

349 1027 482 1087 Guietus.
1078 1064 1081 1072 ·
1450 1087 1451 1094 ,

388 1136 557 1214 Complures
589 1137 660 1196 alias
690 1137 863 1196 ·Ruhnkenii
896 1138 1014 1198 schedas
1033 1127 1245 1216 autographas,
1271 1135 1458 1197 Grammati-

348 1265 450 1308 corum
468 1249 603 1307 veterum
622 1247 745 1307 refertas
765 1248 921 1325 excerptis,
944 1267 1012 1308 eum
1032 1248 1223 1308 Valckenario
1243 1265 1295 1307 sno
1316 1265 1458 1306 eommu-

348 1343 467 1430 nioatis,
495 1376 571 1432 quae
595 1357 641 1417 hio
668 1359 699 1417 in
728 1373 816 1418 namu
842 1377 930 1418 suum
953 1377 983 1418 se
1003 1358 1179 1418 convertisse
1197 1355 1398 1435 significavit,
1420 1356 1457 1414 ad

348 1466 495 1544 publicam
514 1465 651 1526 notitiam
671 1466 801 1542 proferre
819 1467 894 1526 nihil
914 1467 1029 1527 attinet.

390 1625 509 1686 Constat
518 1607 748 1702 Rubrianum,
769 1613 992 1686 Henisterhusio
1004 1629 1149 1700 monente,
1170 1625 1250 1686 haud
1260 1643 1371 1701 parum
1383 1644 1455 1702 ope-

349 1755 399 1794 rae
419 1735 502 1830 duris
521 1736 618 1795 studio
637 1755 772 1810 navasse,
794 1739 869 1796 teste
890 1737 1113 1814 Wyttenbaohio
1133 1736 1165 1794 in
1185 1735 1254 1795 Vita
1273 1735 1330 1795 viri
1350 1755 1384 1811 p.
1405 1733 1453 1794 47,

350 1847 393 1906 Eo
420 1849 456 1905 ut
481 1866 536 1942 par
563 1850 625 1906 erat
651 1829 785 1922 oonsilio,
802 1833 845 1906 id
874 1847 953 1924 quod
977 1847 1071 1906 adhuc
1091 1848 1231 1906 annotare
1250 1839 1452 1924 negleximus,

351 1976 427 2016 anno
454 1956 545 2030 1750,
572 1958 694 2017 Restare
721 1957 875 2036 Magnifice
904 1957 937 2015 F.
965 1946 1094 2031 Winter,
1129 1956 1159 2014 d.
1183 1955 1223 2015 14
1254 1955 1451 2032 Septembris,

250 2132 253 2141 ,
349 2068 425 2128 Albo
445 2069 555 2128 civium
570 2067 801 2128 academicorum
819 2066 1038 2127 inscribendum
1053 2087 1114 2127 sese
1137 2065 1246 2126 obtulit
1267 2063 1451 2124 studiosum

350 2176 436 2238 Juris
470 2175 650 2255 Utriusque:
677 2196 731 2236 nec
757 2177 857 2236 tamen
881 2177 1013 2236 Doctoris
1038 2177 1163 2255 gradum
1187 2179 1240 2234 aut
1260 2176 1450 2251 expetivisse,

352 2289 405 2346 ant
431 2305 609 2362 comparasse
634 2285 690 2346 sibi
713 2285 840 2346 videtur.
871 2286 927 2344 Sed
945 2286 1063 2346 hiennio
1083 2288 1150 2363 post
1169 2285 1337 2345 studiorum
1357 2286 1449 2362 speei-

352 2415 421 2455 men
438 2389 576 2472 prodidit
588 2394 741 2454 Thulcluci
757 2394 938 2471 aliorumque
954 2395 1090 2454 dctourm
1107 2394 1284 2456 Graecorum
1301 2413 1446 2454 commen·

349 2505 436 2564 -tariis
461 2487 494 2564 in
520 2506 590 2564 Titt.
615 2506 680 2582 Dig.
709 2506 739 2562 et
764 2503 832 2562 Ood.
857 2503 895 2562 de
924 2503 1114 2563 Postuloudo
1140 2507 1203 2564 sive
1227 2505 1265 2564 de
1288 2503 1449 2563 Advocato

352 2616 458 2674 Latine
479 2615 628 2675 vertendis
648 2617 678 2674 et
694 2613 891 2685 illustrandis;
912 2633 970 2689 qua
990 2611 1025 2672 de
1040 2633 1073 2672 re
1094 2614 1219 2674 diximus
1240 2633 1331 2690 supra
1351 2635 1382 2691 p.
1407 2615 1449 2674 25.

353 2723 512 2803 Praefatio
535 2727 623 2802 hujus
643 2724 738 2801 operis
757 2724 794 2782 ad
813 2723 965 2782 hectorem
984 2723 1015 2782 in
1036 2721 1140 2800 Opnso.
1162 2726 1226 2801 ejus
1247 2725 1278 2783 Τ.
1297 2725 1322 2784 Ι.
1344 2745 1373 2801 p.
1401 2723 1449 2794 73,

351 2837 444 2896 relata
468 2838 526 2911 est,
547 2855 607 2895 non
625 2836 699 2895 item
720 2836 747 2893 ei
765 2834 923 2912 praemissa
944 2833 1100 2893 Dedicutio
1120 2834 1158 2893 ad
1177 2835 1353 2894 Academiae
1372 2815 1452 2913 Lup-

352 2947 575 3019 duno-Batavae
596 2945 762 3018 curatorem
783 2965 887 3022 quam,
909 2945 1047 3020 quoniam
1066 2945 1141 3004 liber
1160 2945 1258 3005 minos
1278 2945 1450 3021 frequenter

353 3058 455 3119 obvius
478 3060 535 3131 est,
558 3076 596 3116 ne
618 3056 707 3134 quid,
727 3056 806 3134 quod
825 3075 859 3116 eo
879 3056 1005 3131 spectat,
1027 3055 1222 3128 desideretur,
1244 3055 1302 3113 hnc
1322 3057 1449 3114 transfe-

352 3168 474 3228 rendam
493 3167 668 3228 censuimus.
698 3167 746 3226 Ita
764 3169 865 3226 autem
884 3185 914 3226 se
933 3166 1036 3225 habet:

782 3322 866 3383 VIRI
885 3321 1016 3382 suuni.
1079 3355 1085 3361 ·

392 3443 533 3525 Majorern
562 3450 594 3509 in
623 3447 744 3508 modum
768 3448 897 3526 gaudeo,
925 3467 986 3507 non
1012 3447 1175 3524 quaesitam
1201 3447 1370 3520 ambitiose,
1401 3448 1449 3507 ssd

352 3563 456 3639 sponte
482 3560 583 3618 natam
607 3577 669 3620 esse
697 3559 890 3633 occasionem,
918 3579 977 3642 qua
1005 3559 1150 3636 quantum
1173 3557 1321 3617 beneficiis
1341 3558 1450 3618 Vestris

354 3673 490 3745 debeam,
518 3670 634 3748 publice
659 3669 809 3730 testificari
833 3670 949 3747 possim.
982 3669 1055 3728 (ium
1074 3669 1153 3728 enim
1171 3671 1309 3730 veterum
1328 3665 1450 3729 Graeco

353 3801 422 3842 rum
448 3783 678 3858 Latinorumque
707 3779 910 3851 monimentis,
938 3779 1017 3838 unde
1043 3778 1161 3838 solidior
1186 3779 1223 3838 ad
1247 3796 1300 3838 nos
1319 3781 1450 3840 manavit

354 3892 496 3964 eruditio,
528 3909 643 3951 omnem
672 3907 790 3965 operam
819 3888 985 3948 navandam
1012 3907 1072 3948 esse
1098 3887 1276 3964 judicarem,
1307 3886 1450 3966 facileque

353 4001 497 4072 viderem,
523 4003 670 4077 quantum
697 3999 734 4058 ad
762 4017 796 4057 ea
822 3999 1042 4074 interpretanda
1066 3998 1209 4064 momenti
1227 3997 1349 4071 habeat,
1378 3999 1450 4058 anti·

354 4129 428 4186 quas
452 4113 483 4169 et
504 4113 649 4186 spectatae
670 4109 739 4168 fidei
757 4108 939 4168 membranas
962 4108 994 4166 in
1015 4107 1169 4168 eonsilium
1189 4107 1372 4168 adhibuisse:
1393 4109 1451 4168 fre

354 4224 405 4280 tus
434 4239 548 4279 sunirna
577 4220 760 4280 humanitate
788 4221 901 4292 restra,
932 4222 968 4278 ut
992 4218 1064 4276 mihi
1084 4217 1383 4294 adssloonpleh‘ssimos
1399 4219 1449 4277 Bi-

355 4330 514 4392 bliothecae
540 4331 660 4390 Vestrae
684 4330 836 4390 thesauros
862 4328 959 4388 aditus
978 4328 1144 4404 patefieret,
1167 4348 1216 4401 ea,
1237 4346 1296 4404 qua
1315 4347 1371 4404 par
1391 4333 1449 4400 est,
