3074 5202
437 384 464 436 et
485 377 694 456 Epistularum
716 375 905 438 litomeris.
1172 383 1213 443 69

90 558 246 636 posueris
271 555 407 634 ⁴¹⁸⁹th
421 557 543 627 mirum,
568 558 600 616 ni
626 557 725 630 fuller,
750 556 925 635 elegantium
955 555 1130 615 eoueiiiebis.
1159 558 1211 618 In·

93 671 191 745 spine
223 667 361 726 lubenter
389 666 590 726 Oeliimeeheis
618 669 752 727 utentem
778 667 912 744 Apellen.
928 667 954 726 Ι.
982 665 1074 725 1235:
1101 666 1211 744 Αέχρις

94 779 340 855 ἐπιχριμφθεὶς,
384 779 452 835 tum
494 776 562 837 vide
591 777 666 834 mihi
694 777 824 852 puellam
851 777 935 837 Jovis
963 777 1085 836 barbam
1113 777 1210 835 tenol-

94 887 141 946 lis
177 885 330 958 menibus,
360 890 507 962 quantum
535 889 672 962 poterunt
698 887 841 959 extensis,
871 885 1088 962 apprehendere
1113 887 1209 946 niten-

97 999 172 1056 tem
197 997 315 1073 ὶέχρις,
331 997 380 1052 ἵνα
397 1003 491 1072 patos
505 1017 529 1054 e.
559 997 597 1055 In
621 996 710 1056 hein
734 997 798 1056 Del.
825 993 934 1058 v-125
955 995 1085 1070 primum
1102 995 1209 1054 leviter

98 1105 173 1166 'l'ibi
192 1105 374 1177 relect-eben
402 1105 522 1164 tendem
541 1108 641 1165 temen
660 1109 691 1166 et
709 1105 757 1166 hie
778 1106 899 1184 coegisti
919 1124 966 1164 me
987 1105 1024 1165 ed
1043 1105 1207 1164 adsensum.

99 1216 129 1274 A
158 1215 204 1273 Te
227 1213 334 1274 moniti
359 1213 491 1291 legemus
513 1213 548 1274 in
565 1218 716 1292 posterum
735 1215 1209 1294 Aueniq'srimttpoer.1nejus-·

100 1324 177 1386 dem
204 1324 235 1382 h.
261 1343 291 1384 v.
311 1321 372 1383 176
395 1324 523 1384 libenter
549 1343 719 1402 eognoseem
745 1325 818 1402 quid
841 1323 887 1382 Ciu
906 1324 1075 1399 ponendum
1090 1324 1208 1400 judiee-

100 1433 204 1504 verim
231 1433 318 1505 mihi,
344 1433 460 1494 fatebor
485 1435 580 1508 enim,
608 1435 814 1508 βυυκολὲονται
838 1432 995 1494 videbatur
1018 1434 1146 1510 positum
1172 1451 1207 1494 00

103 1561 199 1604 sensu
218 1561 279 1620 qno
296 1544 452 1604 Lueretius
472 1548 504 1604 et
523 1544 662 1623 Virgilius
682 1561 827 1620 eoeepere.
857 1543 914 1602 Sed
932 1543 965 1602 in
985 1543 1086 1605 eedem
1100 1544 1208 1622 pagins

103 1655 192 1714 loeus
212 1658 273 1728 est,
295 1673 385 1731 quem
402 1654 515 1716 videbis
532 1654 820 1721 reotenerefeeerim
838 1672 877 1711 en
896 1672 992 1725 soene,
1020 1674 1049 1714 v.
1069 1652 1130 1713 179
1153 1653 1207 1714 heo

104 1764 225 1830 ratione
243 1763 383 1842 legendo:
402 1798 443 1807 —
464 1765 545 1840 ἴδῃσι
565 1765 597 1824 δὲ
614 1770 704 1822 πίονα
722 1765 830 1840 καρπὸν

276 1875 410 1943 Pentros
428 1877 603 1946 αἰθόμενον,
625 1876 674 1928 καὶ
693 1871 796 1928 οὐκέτι
817 1878 925 1945 μοῦνον
944 1871 1042 1948 ἀκούῃ.

149 1977 239 2036 Reete
256 1996 326 2040 rere
344 1978 454 2052 fecisti,
474 1978 645 2038 Doutissime
659 1977 831 2050 Ruhnkeni,
851 1979 930 2055 quod
940 1979 1206 2040 virossummosee

110 2087 225 2162 quotus
248 2087 402 2166 ingenium
425 2088 587 2148 exereueris
613 2088 646 2146 in
664 2087 824 2164 Hesyehio‚
851 2106 941 2164 quem
959 2091 1053 2148 ootenr
1071 2075 1207 2167 ingenio-

111 2213 182 2256 rum
198 2197 343 2274 appellere
360 2197 435 2257 solet
453 2197 504 2256 ilie
518 2199 618 2258 noster
632 2196 886 2256 Hemsterhusius:
906 2198 953 2256 hie
970 2198 1073 2258 eodem
1089 2199 1205 2262 eiroiter

110 2309 243 2383 tempore
266 2307 375 2366 rectem
389 2307 469 2368 viem
484 2307 522 2366 ed
535 2306 647 2366 librum
663 2306 886 2384 expungendum
902 2307 1025 2380 institit,
1053 2327 1113 2385 qno
1126 2309 1206 2370 Beu-

108 2416 212 2492 tlejus3
239 2417 372 2476 eumdem
397 2417 435 2476 ab
458 2416 679 2478 Hemsterhnsio
698 2417 790 2476 amieo
810 2419 1002 2476 monstratam
1020 2421 1121 2494 postea
1140 2420 1206 2480 Ku-.

111 2527 206 2586 eteius
224 2528 269 2586 est
285 2526 441 2605 ingressus.
468 2527 511 2586 De
527 2527 642 2587 Jounne
658 2527 778 2604 Teylor,
799 2545 887 2604 quem
903 2545 957 2604 ego
974 2526 1048 2586 fecie
1070 2529 1203 2604 maximi,

112 2653 227 2711 prorsus
253 2637 421 2698 aeciderunt
444 2637 655 2713 inexspectata,
683 2655 759 2712 quoe
777 2635 886 2696 scribis.
916 2635 989 2708 Fae,
1011 2637 1128 2697 obsecro
1148 2639 1204 2714 Te,

113 2746 147 2803 ut
171 2744 261 2806 istum
286 2746 446 2820 eeleulum,
473 2747 505 2806 si·
523 2747 587 2806 fieri
611 2748 693 2823 pote,
717 2746 853 2820 reduces3
875 2749 928 2806 eut
947 2746 1040 2806 scribe
1060 2765 1095 2806 ee
1115 2749 1153 2807 de
1171 2765 1204 2810 re

113 2855 196 2930 punio
215 2855 400 2934 diligentius,
420 2859 457 2917 ut
476 2875 546 2935 ego,
569 2857 690 2916 minime
709 2856 862 2929 credulus,
884 2874 1054 2934 eognoseem
1071 2875 1132 2934 que
1146 2857 1204 2918 fide

115 2982 159 3026 res
183 2964 237 3026 iste
263 2966 300 3026 ed
326 2965 367 3024 Te
386 2965 478 3026 fuerit
497 2967 619 3044 perlate.
648 2966 801 3026 Diatriben
820 2967 939 3026 Kusteri
958 2985 1018 3025 uon
1035 2965 1204 3044 pervenisse

116 3073 151 3132 ed
174 3075 411 3152 praestantissimi
435 3077 566 3154 Tayloris
589 3059 697 3136 munus
719 3075 793 3134 mihi
811 3077 898 3153 plene
916 3093 1133 3152 persuaseram
1157 3075 1203 3136 ui·

116 3183 166 3243 mis
184 3185 261 3245 euim
279 3203 368 3261 supra
386 3186 502 3263 plebem
520 3185 675 3247 videbatur
694 3185 835 3260 eminere,
855 3205 952 3263 'quem
971 3188 1007 3244 ut
1025 3187 1088 3244 tam
1107 3184 1204 3246 illibe-

116 3293 171 3354 rale
186 3293 297 3354 ferinus
313 3294 369 3370 ipsi
384 3295 475 3372 possit
490 3297 553 3356 sine
567 3296 655 3356 eertis
671 3294 853 3355 documentis
868 3295 1017 3372 imputari.
1037 3295 1094 3355 Sed
1110 3313 1204 3372 qusn-

115 3402 262 3480 doquidem
284 3405 328 3464 ite
343 3406 443 3482 jubes,
455 3409 457 3414 '
470 3407 561 3466 libere
581 3405 677 3465 dicem
696 3405 824 3482 quidde
845 3404 914 3465 'iuis
932 3405 993 3464 illis
1012 3405 1202 3483 Hesychienis

115 3513 333 3574 comestionibus
360 3516 519 3576 luorilentis
544 3518 575 3576 et
599 3515 724 3594 egregiis
749 3514 894 3576 videatur.
925 3515 1074 3575 Plurimae
1100 3533 1201 3575 earum

116 3641 175 3682 mea
191 3625 276 3684 uerte
287 3626 433 3686 sententia
453 3629 567 3686 eertum
584 3625 756 3703 praeferunt
774 3624 906 3685 veritatis
926 3626 1065 3700 colorem,
1086 3623 1200 3702 qualia:

153 3735 316 3809 Καρυμνὸν,
344 3735 443 3811 μέλαν.
480 3737 518 3796 In
544 3735 655 3796 schedis
679 3735 753 3795 mois
775 3753 928 3811 posueram
947 3734 1022 3794 forte
1042 3735 1201 3813 legendum

119 3843 258 3918 Κραμβὸν,
288 3864 393 3908 verum
417 3847 472 3906 hoe
496 3846 631 3924 superius
657 3845 682 3906 si
707 3845 870 3922 reposueris
889 3865 941 3920 pro
956 3846 1106 3921 Θραμβὸν,
1133 3847 1200 3906 tum

117 3949 166 4008 hoo
187 3951 217 4010 in
240 3953 302 4014 loeo
323 3954 417 4014 Tuam
437 3975 489 4034 ego
514 3957 712 4033 conjecturam
731 3954 834 4014 lubens
854 3954 1012 4030 amplecter
1030 3957 1199 4033 Κᾴρυμνὸκ,

117 4061 163 4118 eut
179 4061 202 4120 si
221 4059 359 4124 malueris
375 4067 538 4143 Κᾴρεμνὸν,
559 4067 601 4126 sie
617 4069 718 4125 tamen
734 4065 875 4139 arbitror,
895 4064 936 4123 mi
953 4065 1125 4140 Ruhnkeni,
1145 4085 1200 4143 po-

118 4169 195 4230 tuisse
219 4172 282 4232 iste·
300 4174 370 4234 duo·
386 4176 535 4236 nonnullis
562 4177 593 4236 in
619 4176 689 4238 loeis
715 4195 734 4234 e
757 4175 846 4236 Potte
866 4177 1041 4252 permutari,
1063 4176 1196 4253 quemvis
1298 4209 1299 4214 1

119 4278 214 4360 uligine
234 4279 347 4344 diverse
367 4285 512 4344 fluxerint.
