<?xml version="1.0" encoding="UTF-8"?>
<!DOCTYPE html PUBLIC "-//W3C//DTD XHTML 1.0 Transitional//EN"
    "http://www.w3.org/TR/xhtml1/DTD/xhtml1-transitional.dtd">
<html xmlns="http://www.w3.org/1999/xhtml" xml:lang="en" lang="en">
 <head>
  <title>
</title>
<meta http-equiv="Content-Type" content="text/html;charset=utf-8" />
  <meta name='ocr-system' content='tesseract 3.04.00' />
  <meta name='ocr-capabilities' content='ocr_page ocr_carea ocr_par ocr_line ocrx_word'/>
</head>
<body>
  <div class='ocr_page' id='page_1' title='image "./supplementaanno00mahngoog_0108.png"; bbox 0 0 3074 5202; ppageno 0'>
   <div class='ocr_carea' id='block_1_1' title="bbox 454 361 1263 485">
    <p class='ocr_par' dir='ltr' id='par_1_1' title="bbox 454 361 1263 485">
     <span class='ocr_line' id='line_1_1' title="bbox 454 361 1263 485; baseline 0.001 -20"><span class='ocrx_word' id='word_1_1' title='bbox 454 408 496 466; x_wconf 82' lang='lat' dir='ltr'><strong>aa</strong></span> <span class='ocrx_word' id='word_1_2' title='bbox 523 407 621 466; x_wconf 80' lang='lat' dir='ltr'><strong><em>Vitam</em></strong></span> <span class='ocrx_word' id='word_1_3' title='bbox 650 407 880 485; x_wconf 82' lang='lat' dir='ltr'><strong>Wytteabachii.</strong></span> <span class='ocrx_word' id='word_1_4' title='bbox 1176 407 1215 466; x_wconf 68' lang='lat'><strong>97</strong></span> <span class='ocrx_word' id='word_1_5' title='bbox 1261 361 1263 365; x_wconf 18' lang='grc' dir='ltr'>Ι</span> 
     </span>
    </p>
   </div>
   <div class='ocr_carea' id='block_1_2' title="bbox 102 573 1216 772">
    <p class='ocr_par' dir='ltr' id='par_1_2' title="bbox 102 573 1216 772">
     <span class='ocr_line' id='line_1_2' title="bbox 151 573 1216 666; baseline 0.005 -25"><span class='ocrx_word' id='word_1_6' title='bbox 151 585 192 642; x_wconf 83' lang='grc' dir='ltr'><strong>Ρ.</strong></span> <span class='ocrx_word' id='word_1_7' title='bbox 211 579 281 645; x_wconf 87' lang='grc'><strong>105.</strong></span> <span class='ocrx_word' id='word_1_8' title='bbox 304 583 372 643; x_wconf 74' lang='lat' dir='ltr'><strong>»Ea</strong></span> <span class='ocrx_word' id='word_1_9' title='bbox 395 583 735 666; x_wconf 81' lang='lat' dir='ltr'><strong>Saoteaio—sper0.”]</strong></span> <span class='ocrx_word' id='word_1_10' title='bbox 758 586 801 644; x_wconf 79' lang='lat' dir='ltr'><strong>Ex</strong></span> <span class='ocrx_word' id='word_1_11' title='bbox 820 584 988 646; x_wconf 79' lang='lat' dir='ltr'><strong>Ruhnkenii</strong></span> <span class='ocrx_word' id='word_1_12' title='bbox 1007 583 1044 642; x_wconf 85' lang='lat' dir='ltr'><strong>ad</strong></span> <span class='ocrx_word' id='word_1_13' title='bbox 1065 573 1216 663; x_wconf 66' lang='lat' dir='ltr'><strong>Wyttenb}</strong></span> 
     </span>
     <span class='ocr_line' id='line_1_3' title="bbox 102 692 596 772; baseline 0 -18"><span class='ocrx_word' id='word_1_14' title='bbox 102 694 202 770; x_wconf 67' lang='lat' dir='ltr'><strong>opas</strong></span> <span class='ocrx_word' id='word_1_15' title='bbox 222 692 263 754; x_wconf 76' lang='lat' dir='ltr'><strong>ss</strong></span> <span class='ocrx_word' id='word_1_16' title='bbox 284 693 363 770; x_wconf 70' lang='lat' dir='ltr'><strong>seps.</strong></span> <span class='ocrx_word' id='word_1_17' title='bbox 382 692 477 765; x_wconf 84' lang='lat'><strong>1775,</strong></span> <span class='ocrx_word' id='word_1_18' title='bbox 497 714 526 772; x_wconf 80' lang='lat' dir='ltr'><strong>p.</strong></span> <span class='ocrx_word' id='word_1_19' title='bbox 547 693 596 754; x_wconf 78' lang='lat' dir='ltr'><strong>as.</strong></span> 
     </span>
    </p>
   </div>
   <div class='ocr_carea' id='block_1_3' title="bbox 103 802 1327 1002">
    <p class='ocr_par' dir='ltr' id='par_1_3' title="bbox 103 802 1327 1002">
     <span class='ocr_line' id='line_1_4' title="bbox 153 802 1327 886; baseline 0.002 -24"><span class='ocrx_word' id='word_1_20' title='bbox 153 805 190 862; x_wconf 91' lang='lat' dir='ltr'><strong>P.</strong></span> <span class='ocrx_word' id='word_1_21' title='bbox 211 802 280 862; x_wconf 82' lang='lat'><strong>109.</strong></span> <span class='ocrx_word' id='word_1_22' title='bbox 309 802 529 863; x_wconf 84' lang='lat' dir='ltr'><strong>Bibliothecam</strong></span> <span class='ocrx_word' id='word_1_23' title='bbox 558 803 719 878; x_wconf 70' lang='lat' dir='ltr'><strong>caricam,</strong></span> <span class='ocrx_word' id='word_1_24' title='bbox 746 802 815 886; x_wconf 81' lang='lat' dir='ltr'><strong>cet]</strong></span> <span class='ocrx_word' id='word_1_25' title='bbox 837 804 878 863; x_wconf 82' lang='lat' dir='ltr'><strong>Cf.</strong></span> <span class='ocrx_word' id='word_1_26' title='bbox 900 805 968 864; x_wconf 82' lang='lat' dir='ltr'><strong>Vite</strong></span> <span class='ocrx_word' id='word_1_27' title='bbox 987 804 1166 878; x_wconf 80' lang='lat' dir='ltr'><strong>Ruhnkenii‚</strong></span> <span class='ocrx_word' id='word_1_28' title='bbox 1187 825 1216 883; x_wconf 78' lang='lat' dir='ltr'><strong>p.</strong></span> <span class='ocrx_word' id='word_1_29' title='bbox 1324 865 1327 872; x_wconf 80' lang='grc'><em>,</em></span> 
     </span>
     <span class='ocr_line' id='line_1_5' title="bbox 103 911 1315 1002; baseline 0.002 -30"><span class='ocrx_word' id='word_1_30' title='bbox 103 911 186 972; x_wconf 85' lang='grc'><strong>170.</strong></span> <span class='ocrx_word' id='word_1_31' title='bbox 215 913 337 974; x_wconf 84' lang='lat' dir='ltr'><strong>Philam.</strong></span> <span class='ocrx_word' id='word_1_32' title='bbox 364 914 396 973; x_wconf 86' lang='lat' dir='ltr'><strong>L.</strong></span> <span class='ocrx_word' id='word_1_33' title='bbox 418 913 475 974; x_wconf 90' lang='lat'>111.</span> <span class='ocrx_word' id='word_1_34' title='bbox 503 933 533 990; x_wconf 89' lang='lat' dir='ltr'><strong>p.</strong></span> <span class='ocrx_word' id='word_1_35' title='bbox 553 913 621 974; x_wconf 71' lang='lat' dir='ltr'><strong>lta.</strong></span> <span class='ocrx_word' id='word_1_36' title='bbox 653 917 684 972; x_wconf 86' lang='lat' dir='ltr'><strong>et</strong></span> <span class='ocrx_word' id='word_1_37' title='bbox 710 915 774 974; x_wconf 88' lang='lat' dir='ltr'><strong>aliis</strong></span> <span class='ocrx_word' id='word_1_38' title='bbox 800 913 870 974; x_wconf 85' lang='lat' dir='ltr'><strong>locis</strong></span> <span class='ocrx_word' id='word_1_39' title='bbox 892 915 946 974; x_wconf 89' lang='lat' dir='ltr'><strong>hac</strong></span> <span class='ocrx_word' id='word_1_40' title='bbox 972 914 1009 974; x_wconf 88' lang='lat' dir='ltr'><strong>de</strong></span> <span class='ocrx_word' id='word_1_41' title='bbox 1036 933 1068 974; x_wconf 90' lang='lat' dir='ltr'><strong>re</strong></span> <span class='ocrx_word' id='word_1_42' title='bbox 1091 915 1216 992; x_wconf 84' lang='lat' dir='ltr'><strong>prodita.</strong></span> <span class='ocrx_word' id='word_1_43' title='bbox 1310 989 1315 1002; x_wconf 90' lang='lat'><strong>.</strong></span> 
     </span>
    </p>
   </div>
   <div class='ocr_carea' id='block_1_4' title="bbox 101 1022 1274 1982">
    <p class='ocr_par' dir='ltr' id='par_1_4' title="bbox 101 1022 1219 1327">
     <span class='ocr_line' id='line_1_6' title="bbox 101 1022 1216 1102; baseline 0.004 -20"><span class='ocrx_word' id='word_1_44' title='bbox 101 1022 282 1082; x_wconf 82' lang='lat' dir='ltr'><strong>Relatienes</strong></span> <span class='ocrx_word' id='word_1_45' title='bbox 302 1023 379 1090; x_wconf 67' lang='lat' dir='ltr'><strong>duas,</strong></span> <span class='ocrx_word' id='word_1_46' title='bbox 394 1024 557 1096; x_wconf 80' lang='lat' dir='ltr'><strong>breviores,</strong></span> <span class='ocrx_word' id='word_1_47' title='bbox 578 1024 778 1084; x_wconf 73' lang='lat' dir='ltr'><strong>Bibliothecae</strong></span> <span class='ocrx_word' id='word_1_48' title='bbox 796 1025 867 1084; x_wconf 77' lang='lat' dir='ltr'><strong>criu</strong></span> <span class='ocrx_word' id='word_1_49' title='bbox 883 1025 1031 1102; x_wconf 87' lang='lat' dir='ltr'><strong>quondam</strong></span> <span class='ocrx_word' id='word_1_50' title='bbox 1041 1025 1216 1098; x_wconf 83' lang='lat' dir='ltr'><strong>destinatas,</strong></span> 
     </span>
     <span class='ocr_line' id='line_1_7' title="bbox 102 1132 1219 1212; baseline 0.004 -20"><span class='ocrx_word' id='word_1_51' title='bbox 102 1133 166 1192; x_wconf 86' lang='lat' dir='ltr'><strong>sed</strong></span> <span class='ocrx_word' id='word_1_52' title='bbox 185 1151 248 1194; x_wconf 83' lang='lat' dir='ltr'><strong>non</strong></span> <span class='ocrx_word' id='word_1_53' title='bbox 266 1133 406 1207; x_wconf 73' lang='lat' dir='ltr'><strong>insertas,</strong></span> <span class='ocrx_word' id='word_1_54' title='bbox 428 1132 520 1192; x_wconf 87' lang='lat' dir='ltr'><strong>edidit</strong></span> <span class='ocrx_word' id='word_1_55' title='bbox 539 1134 674 1199; x_wconf 84' lang='lat' dir='ltr'><strong>Mabnius</strong></span> <span class='ocrx_word' id='word_1_56' title='bbox 693 1134 725 1193; x_wconf 89' lang='lat' dir='ltr'><strong>in</strong></span> <span class='ocrx_word' id='word_1_57' title='bbox 747 1135 894 1212; x_wconf 86' lang='lat' dir='ltr'><strong>Supplem.</strong></span> <span class='ocrx_word' id='word_1_58' title='bbox 912 1135 985 1211; x_wconf 86' lang='lat' dir='ltr'><strong>llpp.</strong></span> <span class='ocrx_word' id='word_1_59' title='bbox 1004 1134 1172 1197; x_wconf 78' lang='lat' dir='ltr'><strong>Ruhnkenii</strong></span> <span class='ocrx_word' id='word_1_60' title='bbox 1188 1138 1219 1198; x_wconf 85' lang='lat' dir='ltr'><strong>ot</strong></span> 
     </span>
     <span class='ocr_line' id='line_1_8' title="bbox 102 1235 729 1327; baseline 0.002 -25"><span class='ocrx_word' id='word_1_61' title='bbox 102 1244 269 1320; x_wconf 72' lang='lat' dir='ltr'><strong>wycam.</strong></span> <span class='ocrx_word' id='word_1_62' title='bbox 290 1264 318 1320; x_wconf 87' lang='lat' dir='ltr'><strong>p.</strong></span> <span class='ocrx_word' id='word_1_63' title='bbox 339 1235 465 1302; x_wconf 68' lang='lat'>79-82.</span> <span class='ocrx_word' id='word_1_64' title='bbox 726 1317 729 1327; x_wconf 28' lang='grc' dir='ltr'>Ι</span> 
     </span>
    </p>

    <p class='ocr_par' dir='ltr' id='par_1_5' title="bbox 104 1343 1274 1982">
     <span class='ocr_line' id='line_1_9' title="bbox 150 1343 1274 1436; baseline 0.002 -24"><span class='ocrx_word' id='word_1_65' title='bbox 150 1355 226 1432; x_wconf 82' lang='lat' dir='ltr'><strong>Pag.</strong></span> <span class='ocrx_word' id='word_1_66' title='bbox 249 1353 318 1415; x_wconf 74' lang='lat'><strong>114.</strong></span> <span class='ocrx_word' id='word_1_67' title='bbox 341 1352 464 1415; x_wconf 76' lang='lat' dir='ltr'><strong>sacas</strong></span> <span class='ocrx_word' id='word_1_68' title='bbox 482 1352 658 1431; x_wconf 75' lang='lat' dir='ltr'><strong>ciaqaiares</strong></span> <span class='ocrx_word' id='word_1_69' title='bbox 678 1353 719 1413; x_wconf 82' lang='lat' dir='ltr'><strong>de</strong></span> <span class='ocrx_word' id='word_1_70' title='bbox 738 1353 876 1436; x_wconf 79' lang='lat' dir='ltr'><strong>Historia</strong></span> <span class='ocrx_word' id='word_1_71' title='bbox 899 1353 1127 1432; x_wconf 73' lang='lat' dir='ltr'><strong><em>Philosophiae,</em></strong></span> <span class='ocrx_word' id='word_1_72' title='bbox 1148 1354 1217 1436; x_wconf 75' lang='lat' dir='ltr'><strong>cet]</strong></span> <span class='ocrx_word' id='word_1_73' title='bbox 1272 1343 1274 1348; x_wconf 64' lang='grc'><strong>’</strong></span> 
     </span>
     <span class='ocr_line' id='line_1_10' title="bbox 104 1463 1218 1540; baseline 0.005 -18"><span class='ocrx_word' id='word_1_74' title='bbox 104 1463 176 1522; x_wconf 85' lang='lat' dir='ltr'><strong>Has</strong></span> <span class='ocrx_word' id='word_1_75' title='bbox 198 1464 309 1524; x_wconf 84' lang='lat' dir='ltr'><strong>soboles</strong></span> <span class='ocrx_word' id='word_1_76' title='bbox 335 1464 458 1524; x_wconf 81' lang='lat' dir='ltr'><strong>subinde</strong></span> <span class='ocrx_word' id='word_1_77' title='bbox 477 1465 566 1540; x_wconf 87' lang='lat' dir='ltr'><strong>paulo</strong></span> <span class='ocrx_word' id='word_1_78' title='bbox 588 1463 778 1524; x_wconf 77' lang='lat' dir='ltr'><strong>alienatione</strong></span> <span class='ocrx_word' id='word_1_79' title='bbox 798 1483 831 1524; x_wconf 87' lang='lat' dir='ltr'><strong>aa</strong></span> <span class='ocrx_word' id='word_1_80' title='bbox 851 1464 1072 1538; x_wconf 75' lang='lat' dir='ltr'><strong>distributione,</strong></span> <span class='ocrx_word' id='word_1_81' title='bbox 1090 1466 1145 1526; x_wconf 88' lang='lat' dir='ltr'><strong>sub</strong></span> <span class='ocrx_word' id='word_1_82' title='bbox 1163 1483 1218 1528; x_wconf 88' lang='lat' dir='ltr'><strong>na-</strong></span> 
     </span>
     <span class='ocr_line' id='line_1_11' title="bbox 107 1572 1217 1653; baseline 0.005 -21"><span class='ocrx_word' id='word_1_83' title='bbox 107 1574 196 1632; x_wconf 89' lang='lat' dir='ltr'><strong>mine</strong></span> <span class='ocrx_word' id='word_1_84' title='bbox 224 1572 380 1632; x_wconf 69' lang='lat' dir='ltr'><strong>Historiae</strong></span> <span class='ocrx_word' id='word_1_85' title='bbox 406 1573 645 1647; x_wconf 70' lang='lat' dir='ltr'><strong>Doaaaararn,</strong></span> <span class='ocrx_word' id='word_1_86' title='bbox 676 1574 793 1634; x_wconf 84' lang='lat' dir='ltr'><strong>tradere</strong></span> <span class='ocrx_word' id='word_1_87' title='bbox 823 1574 935 1634; x_wconf 78' lang='lat' dir='ltr'>solebat</span> <span class='ocrx_word' id='word_1_88' title='bbox 960 1575 1217 1653; x_wconf 73' lang='lat' dir='ltr'><strong>wyttenbachius,</strong></span> 
     </span>
     <span class='ocr_line' id='line_1_12' title="bbox 107 1683 1217 1758; baseline 0.003 -16"><span class='ocrx_word' id='word_1_89' title='bbox 107 1684 156 1742; x_wconf 81' lang='lat' dir='ltr'><strong>ita</strong></span> <span class='ocrx_word' id='word_1_90' title='bbox 174 1687 212 1743; x_wconf 86' lang='lat' dir='ltr'><strong>ut</strong></span> <span class='ocrx_word' id='word_1_91' title='bbox 231 1684 385 1742; x_wconf 84' lang='lat' dir='ltr'><strong>materiam</strong></span> <span class='ocrx_word' id='word_1_92' title='bbox 404 1683 440 1742; x_wconf 81' lang='lat' dir='ltr'><strong>iis</strong></span> <span class='ocrx_word' id='word_1_93' title='bbox 460 1685 617 1752; x_wconf 82' lang='lat' dir='ltr'><strong>tractatam</strong></span> <span class='ocrx_word' id='word_1_94' title='bbox 632 1703 693 1744; x_wconf 88' lang='lat' dir='ltr'><strong>nou</strong></span> <span class='ocrx_word' id='word_1_95' title='bbox 707 1684 740 1744; x_wconf 92' lang='lat' dir='ltr'><strong>in</strong></span> <span class='ocrx_word' id='word_1_96' title='bbox 755 1701 805 1744; x_wconf 85' lang='lat' dir='ltr'><strong>sex</strong></span> <span class='ocrx_word' id='word_1_97' title='bbox 820 1685 931 1744; x_wconf 87' lang='lat' dir='ltr'><strong>aetates</strong></span> <span class='ocrx_word' id='word_1_98' title='bbox 947 1684 1151 1758; x_wconf 85' lang='lat' dir='ltr'><strong>distribueret,</strong></span> <span class='ocrx_word' id='word_1_99' title='bbox 1166 1685 1217 1746; x_wconf 90' lang='lat' dir='ltr'><strong>ssd</strong></span> 
     </span>
     <span class='ocr_line' id='line_1_13' title="bbox 106 1789 1217 1872; baseline 0.004 -18"><span class='ocrx_word' id='word_1_100' title='bbox 106 1794 362 1871; x_wconf 67' lang='lat' dir='ltr'><strong>quadripartitam</strong></span> <span class='ocrx_word' id='word_1_101' title='bbox 377 1794 550 1855; x_wconf 86' lang='lat' dir='ltr'><strong>divisionem</strong></span> <span class='ocrx_word' id='word_1_102' title='bbox 565 1796 754 1872; x_wconf 87' lang='lat' dir='ltr'><strong>sequeretur:</strong></span> <span class='ocrx_word' id='word_1_103' title='bbox 771 1794 796 1856; x_wconf 90' lang='lat' dir='ltr'><strong>I.</strong></span> <span class='ocrx_word' id='word_1_104' title='bbox 814 1789 906 1854; x_wconf 86' lang='lat' dir='ltr'><strong>Aetas</strong></span> <span class='ocrx_word' id='word_1_105' title='bbox 925 1793 1058 1863; x_wconf 79' lang='lat' dir='ltr'><strong>Graeca.</strong></span> <span class='ocrx_word' id='word_1_106' title='bbox 1079 1795 1115 1856; x_wconf 88' lang='lat' dir='ltr'><strong>ab</strong></span> <span class='ocrx_word' id='word_1_107' title='bbox 1129 1795 1217 1858; x_wconf 87' lang='lat' dir='ltr'><strong>initio</strong></span> 
     </span>
     <span class='ocr_line' id='line_1_14' title="bbox 108 1877 1217 1982; baseline 0 -18"><span class='ocrx_word' id='word_1_108' title='bbox 108 1905 152 1964; x_wconf 79' lang='lat' dir='ltr'><strong>aa</strong></span> <span class='ocrx_word' id='word_1_109' title='bbox 172 1905 358 1982; x_wconf 60' lang='lat' dir='ltr'><strong>sagnam</strong></span> <span class='ocrx_word' id='word_1_110' title='bbox 386 1904 427 1963; x_wconf 89' lang='lat'><strong>11.</strong></span> <span class='ocrx_word' id='word_1_111' title='bbox 448 1877 541 1963; x_wconf 71' lang='lat' dir='ltr'><strong>raas</strong></span> <span class='ocrx_word' id='word_1_112' title='bbox 564 1903 853 1977; x_wconf 62' lang='lat' dir='ltr'><strong>armenorium,</strong></span> <span class='ocrx_word' id='word_1_113' title='bbox 880 1903 1071 1982; x_wconf 72' lang='lat' dir='ltr'><strong>ablegato</strong></span> <span class='ocrx_word' id='word_1_114' title='bbox 1098 1905 1135 1966; x_wconf 71' lang='lat' dir='ltr'><strong>cc</strong></span> <span class='ocrx_word' id='word_1_115' title='bbox 1161 1905 1217 1964; x_wconf 82' lang='lat' dir='ltr'><strong>Ju-</strong></span> 
     </span>
    </p>
   </div>
   <div class='ocr_carea' id='block_1_5' title="bbox 108 2011 1462 2096">
    <p class='ocr_par' dir='ltr' id='par_1_6' title="bbox 108 2011 1462 2096">
     <span class='ocr_line' id='line_1_15' title="bbox 108 2011 1462 2096; baseline -0.003 -21"><span class='ocrx_word' id='word_1_116' title='bbox 108 2015 237 2075; x_wconf 86' lang='lat' dir='ltr'><strong>stiniani</strong></span> <span class='ocrx_word' id='word_1_117' title='bbox 262 2015 392 2076; x_wconf 78' lang='lat' dir='ltr'><strong>Caesaris</strong></span> <span class='ocrx_word' id='word_1_118' title='bbox 410 2015 525 2074; x_wconf 86' lang='lat' dir='ltr'><strong>obitum</strong></span> <span class='ocrx_word' id='word_1_119' title='bbox 543 2035 569 2073; x_wconf 87' lang='lat' dir='ltr'><strong>a.</strong></span> <span class='ocrx_word' id='word_1_120' title='bbox 591 2014 627 2072; x_wconf 80' lang='lat' dir='ltr'><strong>O..</strong></span> <span class='ocrx_word' id='word_1_121' title='bbox 642 2011 711 2074; x_wconf 87' lang='grc'><strong>565.</strong></span> <span class='ocrx_word' id='word_1_122' title='bbox 740 2015 800 2076; x_wconf 86' lang='grc' dir='ltr'><strong>ΠΙ.</strong></span> <span class='ocrx_word' id='word_1_123' title='bbox 821 2014 911 2074; x_wconf 84' lang='lat' dir='ltr'><strong>Aetas</strong></span> <span class='ocrx_word' id='word_1_124' title='bbox 926 2011 1050 2087; x_wconf 60' lang='lat' dir='ltr'><strong>‘media</strong></span> <span class='ocrx_word' id='word_1_125' title='bbox 1072 2015 1134 2076; x_wconf 84' lang='lat' dir='ltr'><strong>sive</strong></span> <span class='ocrx_word' id='word_1_126' title='bbox 1153 2016 1216 2076; x_wconf 85' lang='lat' dir='ltr'><strong>llo-</strong></span> <span class='ocrx_word' id='word_1_127' title='bbox 1326 2088 1331 2096; x_wconf 32' lang='grc' dir='ltr'>Ι</span> <span class='ocrx_word' id='word_1_128' title='bbox 1460 2015 1462 2022; x_wconf 89' lang='grc'><strong>’</strong></span> 
     </span>
    </p>
   </div>
   <div class='ocr_carea' id='block_1_6' title="bbox 109 2121 1240 3192">
    <p class='ocr_par' dir='ltr' id='par_1_7' title="bbox 109 2121 1240 3192">
     <span class='ocr_line' id='line_1_16' title="bbox 109 2121 1216 2200; baseline -0.001 -15"><span class='ocrx_word' id='word_1_129' title='bbox 109 2126 201 2186; x_wconf 87' lang='lat' dir='ltr'><strong>dium</strong></span> <span class='ocrx_word' id='word_1_130' title='bbox 219 2123 348 2198; x_wconf 76' lang='lat' dir='ltr'><strong>bovum,</strong></span> <span class='ocrx_word' id='word_1_131' title='bbox 370 2143 388 2182; x_wconf 84' lang='lat' dir='ltr'><strong>a</strong></span> <span class='ocrx_word' id='word_1_132' title='bbox 407 2125 505 2184; x_wconf 88' lang='lat' dir='ltr'><strong>seculo</strong></span> <span class='ocrx_word' id='word_1_133' title='bbox 525 2124 567 2184; x_wconf 84' lang='lat' dir='ltr'><strong>VI</strong></span> <span class='ocrx_word' id='word_1_134' title='bbox 585 2143 681 2200; x_wconf 87' lang='lat' dir='ltr'><strong>usque</strong></span> <span class='ocrx_word' id='word_1_135' title='bbox 701 2124 738 2182; x_wconf 87' lang='lat' dir='ltr'><strong>ad</strong></span> <span class='ocrx_word' id='word_1_136' title='bbox 759 2143 815 2184; x_wconf 90' lang='lat' dir='ltr'><strong>sec.</strong></span> <span class='ocrx_word' id='word_1_137' title='bbox 835 2125 895 2184; x_wconf 85' lang='lat' dir='ltr'><strong>XV.</strong></span> <span class='ocrx_word' id='word_1_138' title='bbox 916 2125 968 2184; x_wconf 87' lang='lat' dir='ltr'><strong>IV.</strong></span> <span class='ocrx_word' id='word_1_139' title='bbox 993 2123 1085 2185; x_wconf 80' lang='lat' dir='ltr'><strong>Aetas</strong></span> <span class='ocrx_word' id='word_1_140' title='bbox 1110 2121 1216 2196; x_wconf 83' lang='lat' dir='ltr'><strong>recea-</strong></span> 
     </span>
     <span class='ocr_line' id='line_1_17' title="bbox 110 2231 1213 2311; baseline 0 -17"><span class='ocrx_word' id='word_1_141' title='bbox 110 2236 193 2307; x_wconf 85' lang='lat' dir='ltr'><strong>tior,</strong></span> <span class='ocrx_word' id='word_1_142' title='bbox 213 2253 232 2292; x_wconf 92' lang='lat' dir='ltr'><strong>a</strong></span> <span class='ocrx_word' id='word_1_143' title='bbox 245 2235 344 2294; x_wconf 85' lang='lat' dir='ltr'><strong>seculo</strong></span> <span class='ocrx_word' id='word_1_144' title='bbox 358 2234 409 2294; x_wconf 84' lang='lat' dir='ltr'><strong>XV</strong></span> <span class='ocrx_word' id='word_1_145' title='bbox 426 2234 463 2293; x_wconf 88' lang='lat' dir='ltr'><strong>ad</strong></span> <span class='ocrx_word' id='word_1_146' title='bbox 480 2235 731 2311; x_wconf 82' lang='lat' dir='ltr'><strong>nostratempora.</strong></span> <span class='ocrx_word' id='word_1_147' title='bbox 752 2233 904 2294; x_wconf 80' lang='lat' dir='ltr'><strong>InAetatc</strong></span> <span class='ocrx_word' id='word_1_148' title='bbox 921 2231 1213 2308; x_wconf 55' lang='lat' dir='ltr'><strong>Graecorlloraaam</strong></span> 
     </span>
     <span class='ocr_line' id='line_1_18' title="bbox 112 2344 1215 2422; baseline 0.001 -17"><span class='ocrx_word' id='word_1_149' title='bbox 112 2345 180 2406; x_wconf 81' lang='lat' dir='ltr'><strong>sive</strong></span> <span class='ocrx_word' id='word_1_150' title='bbox 199 2344 328 2417; x_wconf 81' lang='lat' dir='ltr'><strong>Latina,</strong></span> <span class='ocrx_word' id='word_1_151' title='bbox 346 2344 451 2422; x_wconf 85' lang='lat' dir='ltr'><strong>agebat</strong></span> <span class='ocrx_word' id='word_1_152' title='bbox 461 2345 591 2420; x_wconf 81' lang='lat' dir='ltr'><strong>primum</strong></span> <span class='ocrx_word' id='word_1_153' title='bbox 603 2345 639 2404; x_wconf 87' lang='lat' dir='ltr'><strong>dc</strong></span> <span class='ocrx_word' id='word_1_154' title='bbox 649 2344 786 2404; x_wconf 76' lang='lat' dir='ltr'><strong>Romanis</strong></span> <span class='ocrx_word' id='word_1_155' title='bbox 796 2344 1135 2404; x_wconf 78' lang='lat' dir='ltr'><strong>literarumauctoribus</strong></span> <span class='ocrx_word' id='word_1_156' title='bbox 1146 2348 1215 2406; x_wconf 87' lang='lat' dir='ltr'><strong>ante</strong></span> 
     </span>
     <span class='ocr_line' id='line_1_19' title="bbox 113 2454 1212 2534; baseline 0.002 -20"><span class='ocrx_word' id='word_1_157' title='bbox 113 2457 301 2534; x_wconf 68' lang='lat' dir='ltr'><strong>Augustum</strong></span> <span class='ocrx_word' id='word_1_158' title='bbox 317 2455 422 2516; x_wconf 87' lang='lat' dir='ltr'><strong>deinde</strong></span> <span class='ocrx_word' id='word_1_159' title='bbox 439 2455 476 2514; x_wconf 92' lang='lat' dir='ltr'><strong>de</strong></span> <span class='ocrx_word' id='word_1_160' title='bbox 492 2455 686 2532; x_wconf 80' lang='lat' dir='ltr'><strong>Scriptoribus</strong></span> <span class='ocrx_word' id='word_1_161' title='bbox 702 2473 771 2514; x_wconf 86' lang='lat' dir='ltr'><strong>cum</strong></span> <span class='ocrx_word' id='word_1_162' title='bbox 786 2454 901 2514; x_wconf 75' lang='lat' dir='ltr'><strong>Graccis</strong></span> <span class='ocrx_word' id='word_1_163' title='bbox 910 2455 1099 2516; x_wconf 77' lang='lat' dir='ltr'><strong>tumbatinis</strong></span> <span class='ocrx_word' id='word_1_164' title='bbox 1108 2456 1212 2516; x_wconf 87' lang='lat' dir='ltr'><strong>seculis</strong></span> 
     </span>
     <span class='ocr_line' id='line_1_20' title="bbox 116 2565 1240 2643; baseline 0.002 -21"><span class='ocrx_word' id='word_1_165' title='bbox 116 2565 251 2642; x_wconf 87' lang='lat' dir='ltr'><strong>deinceps</strong></span> <span class='ocrx_word' id='word_1_166' title='bbox 270 2565 514 2642; x_wconf 77' lang='lat' dir='ltr'><strong>subsequentibus</strong></span> <span class='ocrx_word' id='word_1_167' title='bbox 534 2565 628 2643; x_wconf 91' lang='lat' dir='ltr'><strong>primo</strong></span> <span class='ocrx_word' id='word_1_168' title='bbox 648 2565 820 2626; x_wconf 78' lang='lat' dir='ltr'><strong>adsertam</strong></span> <span class='ocrx_word' id='word_1_169' title='bbox 840 2565 956 2625; x_wconf 72' lang='lat' dir='ltr'><strong>obciter</strong></span> <span class='ocrx_word' id='word_1_170' title='bbox 973 2566 1114 2626; x_wconf 90' lang='lat' dir='ltr'><strong>medium.</strong></span> <span class='ocrx_word' id='word_1_171' title='bbox 1168 2622 1170 2624; x_wconf 82' lang='grc'><strong>,</strong></span> <span class='ocrx_word' id='word_1_172' title='bbox 1238 2626 1240 2631; x_wconf 75' lang='grc'><strong>,</strong></span> 
     </span>
     <span class='ocr_line' id='line_1_21' title="bbox 156 2673 1210 2752; baseline 0.002 -17"><span class='ocrx_word' id='word_1_173' title='bbox 156 2675 216 2735; x_wconf 84' lang='lat' dir='ltr'><strong>Hac</strong></span> <span class='ocrx_word' id='word_1_174' title='bbox 243 2676 363 2752; x_wconf 89' lang='lat' dir='ltr'><strong>quidem</strong></span> <span class='ocrx_word' id='word_1_175' title='bbox 389 2675 503 2734; x_wconf 85' lang='lat' dir='ltr'><strong>ratione</strong></span> <span class='ocrx_word' id='word_1_176' title='bbox 526 2675 686 2734; x_wconf 84' lang='lat' dir='ltr'><strong>Historiam</strong></span> <span class='ocrx_word' id='word_1_177' title='bbox 705 2675 911 2736; x_wconf 80' lang='lat' dir='ltr'><strong>Doctrinarum</strong></span> <span class='ocrx_word' id='word_1_178' title='bbox 926 2675 989 2750; x_wconf 85' lang='lat' dir='ltr'><strong>jam</strong></span> <span class='ocrx_word' id='word_1_179' title='bbox 1009 2673 1041 2736; x_wconf 89' lang='lat' dir='ltr'><strong>in</strong></span> <span class='ocrx_word' id='word_1_180' title='bbox 1060 2675 1210 2738; x_wconf 75' lang='lat' dir='ltr'><strong>Athenaeo</strong></span> 
     </span>
     <span class='ocr_line' id='line_1_22' title="bbox 113 2783 1214 2860; baseline 0.003 -17"><span class='ocrx_word' id='word_1_181' title='bbox 113 2785 391 2860; x_wconf 82' lang='lat' dir='ltr'><strong>Amstelodamonsi,</strong></span> <span class='ocrx_word' id='word_1_182' title='bbox 416 2786 484 2844; x_wconf 87' lang='lat' dir='ltr'><strong>ante</strong></span> <span class='ocrx_word' id='word_1_183' title='bbox 513 2783 682 2842; x_wconf 83' lang='lat' dir='ltr'><strong>Ruhnkenii</strong></span> <span class='ocrx_word' id='word_1_184' title='bbox 712 2783 825 2842; x_wconf 88' lang='lat' dir='ltr'><strong>obitum</strong></span> <span class='ocrx_word' id='word_1_185' title='bbox 845 2786 875 2843; x_wconf 90' lang='lat' dir='ltr'><strong>et</strong></span> <span class='ocrx_word' id='word_1_186' title='bbox 894 2784 1052 2844; x_wconf 77' lang='lat' dir='ltr'><strong>discessum</strong></span> <span class='ocrx_word' id='word_1_187' title='bbox 1071 2803 1160 2848; x_wconf 86' lang='lat' dir='ltr'><strong>suum</strong></span> <span class='ocrx_word' id='word_1_188' title='bbox 1180 2787 1214 2846; x_wconf 85' lang='lat' dir='ltr'><strong>in</strong></span> 
     </span>
     <span class='ocr_line' id='line_1_23' title="bbox 112 2893 1213 2972; baseline -0.001 -17"><span class='ocrx_word' id='word_1_189' title='bbox 112 2895 301 2956; x_wconf 74' lang='lat' dir='ltr'><strong>Academiam</strong></span> <span class='ocrx_word' id='word_1_190' title='bbox 315 2894 634 2972; x_wconf 69' lang='lat' dir='ltr'><strong>augauno-Batavum,</strong></span> <span class='ocrx_word' id='word_1_191' title='bbox 655 2893 807 2953; x_wconf 82' lang='lat' dir='ltr'><strong>tradidisse</strong></span> <span class='ocrx_word' id='word_1_192' title='bbox 828 2893 956 2954; x_wconf 82' lang='lat' dir='ltr'><strong>videtur.</strong></span> <span class='ocrx_word' id='word_1_193' title='bbox 987 2894 1157 2955; x_wconf 74' lang='lat' dir='ltr'><strong>sensarum</strong></span> <span class='ocrx_word' id='word_1_194' title='bbox 1176 2896 1213 2954; x_wconf 91' lang='lat' dir='ltr'><strong>de</strong></span> 
     </span>
     <span class='ocr_line' id='line_1_24' title="bbox 112 3002 1213 3080; baseline -0.003 -15"><span class='ocrx_word' id='word_1_195' title='bbox 112 3005 191 3064; x_wconf 82' lang='lat' dir='ltr'><strong>Hist.</strong></span> <span class='ocrx_word' id='word_1_196' title='bbox 211 3005 318 3064; x_wconf 87' lang='lat' dir='ltr'><strong>Philas.</strong></span> <span class='ocrx_word' id='word_1_197' title='bbox 340 3003 590 3064; x_wconf 84' lang='lat' dir='ltr'><strong>accuratissimum</strong></span> <span class='ocrx_word' id='word_1_198' title='bbox 610 3002 805 3078; x_wconf 73' lang='lat' dir='ltr'><strong>exemplasse</strong></span> <span class='ocrx_word' id='word_1_199' title='bbox 826 3003 932 3062; x_wconf 87' lang='lat' dir='ltr'><strong>habere</strong></span> <span class='ocrx_word' id='word_1_200' title='bbox 948 3003 1112 3064; x_wconf 51' lang='lat' dir='ltr'><strong>¹affinuabat</strong></span> <span class='ocrx_word' id='word_1_201' title='bbox 1129 3003 1213 3080; x_wconf 72' lang='lat' dir='ltr'><strong>wye</strong></span> 
     </span>
     <span class='ocr_line' id='line_1_25' title="bbox 109 3111 1213 3192; baseline -0.001 -19"><span class='ocrx_word' id='word_1_202' title='bbox 109 3115 262 3174; x_wconf 86' lang='lat' dir='ltr'><strong>tenbachii</strong></span> <span class='ocrx_word' id='word_1_203' title='bbox 280 3115 429 3192; x_wconf 88' lang='lat' dir='ltr'><strong>quondam</strong></span> <span class='ocrx_word' id='word_1_204' title='bbox 445 3111 605 3189; x_wconf 86' lang='lat' dir='ltr'><strong>discipulus</strong></span> <span class='ocrx_word' id='word_1_205' title='bbox 623 3111 815 3187; x_wconf 77' lang='lat' dir='ltr'><strong>Vir-ampliss.</strong></span> <span class='ocrx_word' id='word_1_206' title='bbox 833 3112 866 3170; x_wconf 90' lang='lat' dir='ltr'><strong>B.</strong></span> <span class='ocrx_word' id='word_1_207' title='bbox 881 3113 914 3174; x_wconf 92' lang='lat' dir='ltr'><strong>P.</strong></span> <span class='ocrx_word' id='word_1_208' title='bbox 925 3131 982 3173; x_wconf 87' lang='lat' dir='ltr'><strong>van</strong></span> <span class='ocrx_word' id='word_1_209' title='bbox 992 3112 1103 3172; x_wconf 88' lang='lat' dir='ltr'><strong>Wesele</strong></span> <span class='ocrx_word' id='word_1_210' title='bbox 1114 3112 1213 3172; x_wconf 85' lang='lat' dir='ltr'><strong>Schol-</strong></span> 
     </span>
    </p>
   </div>
   <div class='ocr_carea' id='block_1_7' title="bbox 111 3204 1366 3298">
    <p class='ocr_par' dir='ltr' id='par_1_8' title="bbox 111 3204 1366 3298">
     <span class='ocr_line' id='line_1_26' title="bbox 111 3204 1366 3298; baseline 0 -14"><span class='ocrx_word' id='word_1_211' title='bbox 111 3204 181 3285; x_wconf 62' lang='lat' dir='ltr'><strong>ans</strong></span> <span class='ocrx_word' id='word_1_212' title='bbox 203 3225 298 3298; x_wconf 73' lang='lat' dir='ltr'><strong>aruc,</strong></span> <span class='ocrx_word' id='word_1_213' title='bbox 319 3243 410 3289; x_wconf 71' lang='lat' dir='ltr'><strong>manu</strong></span> <span class='ocrx_word' id='word_1_214' title='bbox 425 3222 507 3286; x_wconf 69' lang='lat' dir='ltr'><strong>roes</strong></span> <span class='ocrx_word' id='word_1_215' title='bbox 520 3222 717 3282; x_wconf 60' lang='lat' dir='ltr'><strong>assaumis</strong></span> <span class='ocrx_word' id='word_1_216' title='bbox 730 3210 1233 3296; x_wconf 72' lang='lat' dir='ltr'><strong>asptm‚emtum01srbu0a.&#39;</strong></span> <span class='ocrx_word' id='word_1_217' title='bbox 1363 3205 1366 3216; x_wconf 87' lang='grc'><strong><em>’</em></strong></span> 
     </span>
    </p>
   </div>
   <div class='ocr_carea' id='block_1_8' title="bbox 105 3332 1213 3851">
    <p class='ocr_par' dir='ltr' id='par_1_9' title="bbox 109 3332 1213 3521">
     <span class='ocr_line' id='line_1_27' title="bbox 109 3332 1213 3410; baseline 0.002 -16"><span class='ocrx_word' id='word_1_218' title='bbox 109 3335 195 3394; x_wconf 80' lang='lat' dir='ltr'><strong>Hier.</strong></span> <span class='ocrx_word' id='word_1_219' title='bbox 222 3334 259 3394; x_wconf 87' lang='lat' dir='ltr'><strong>de</strong></span> <span class='ocrx_word' id='word_1_220' title='bbox 278 3335 385 3408; x_wconf 89' lang='lat' dir='ltr'><strong>Bosch‚</strong></span> <span class='ocrx_word' id='word_1_221' title='bbox 406 3333 534 3410; x_wconf 86' lang='lat' dir='ltr'><strong>possedit</strong></span> <span class='ocrx_word' id='word_1_222' title='bbox 554 3333 701 3410; x_wconf 83' lang='lat' dir='ltr'><strong>quondam</strong></span> <span class='ocrx_word' id='word_1_223' title='bbox 722 3333 877 3394; x_wconf 82' lang='lat' dir='ltr'><strong>Conrector</strong></span> <span class='ocrx_word' id='word_1_224' title='bbox 898 3332 1051 3409; x_wconf 82' lang='lat' dir='ltr'><strong>Gymnasii</strong></span> <span class='ocrx_word' id='word_1_225' title='bbox 1066 3333 1213 3396; x_wconf 84' lang='lat' dir='ltr'><strong>Leideasis</strong></span> 
     </span>
     <span class='ocr_line' id='line_1_28' title="bbox 109 3442 1210 3521; baseline 0 -19"><span class='ocrx_word' id='word_1_226' title='bbox 109 3445 139 3503; x_wconf 84' lang='lat' dir='ltr'><strong>J.</strong></span> <span class='ocrx_word' id='word_1_227' title='bbox 163 3444 280 3518; x_wconf 82' lang='lat' dir='ltr'><strong>Delios,</strong></span> <span class='ocrx_word' id='word_1_228' title='bbox 300 3464 379 3504; x_wconf 91' lang='lat' dir='ltr'><strong>nunc</strong></span> <span class='ocrx_word' id='word_1_229' title='bbox 398 3443 525 3521; x_wconf 87' lang='lat' dir='ltr'><strong>possidet</strong></span> <span class='ocrx_word' id='word_1_230' title='bbox 545 3444 608 3519; x_wconf 87' lang='lat' dir='ltr'><strong>ejus</strong></span> <span class='ocrx_word' id='word_1_231' title='bbox 623 3442 954 3503; x_wconf 62' lang='lat' dir='ltr'><strong>Reccormdoaisso.</strong></span> <span class='ocrx_word' id='word_1_232' title='bbox 965 3443 1000 3502; x_wconf 88' lang='lat' dir='ltr'><strong>H.</strong></span> <span class='ocrx_word' id='word_1_233' title='bbox 1014 3444 1048 3504; x_wconf 88' lang='grc' dir='ltr'><strong>Ι).</strong></span> <span class='ocrx_word' id='word_1_234' title='bbox 1061 3445 1210 3521; x_wconf 74' lang='lat' dir='ltr'><strong>duringum</strong></span> 
     </span>
    </p>

    <p class='ocr_par' dir='ltr' id='par_1_10' title="bbox 105 3553 1212 3851">
     <span class='ocr_line' id='line_1_29' title="bbox 147 3553 1212 3632; baseline -0.001 -19"><span class='ocrx_word' id='word_1_235' title='bbox 147 3555 289 3630; x_wconf 81' lang='lat' dir='ltr'><strong>Superest</strong></span> <span class='ocrx_word' id='word_1_236' title='bbox 311 3554 529 3632; x_wconf 84' lang='lat' dir='ltr'><strong>Wyttenbachii</strong></span> <span class='ocrx_word' id='word_1_237' title='bbox 552 3555 671 3614; x_wconf 88' lang='lat' dir='ltr'><strong>uberior</strong></span> <span class='ocrx_word' id='word_1_238' title='bbox 696 3554 851 3614; x_wconf 78' lang='lat' dir='ltr'><strong>Historiae</strong></span> <span class='ocrx_word' id='word_1_239' title='bbox 880 3553 1110 3632; x_wconf 82' lang='lat' dir='ltr'><strong>Philosopbicae</strong></span> <span class='ocrx_word' id='word_1_240' title='bbox 1127 3554 1212 3614; x_wconf 88' lang='lat' dir='ltr'><strong>Deli-</strong></span> 
     </span>
     <span class='ocr_line' id='line_1_30' title="bbox 105 3663 1211 3742; baseline 0 -18"><span class='ocrx_word' id='word_1_241' title='bbox 105 3665 212 3724; x_wconf 83' lang='lat' dir='ltr'><strong>acatio</strong></span> <span class='ocrx_word' id='word_1_242' title='bbox 232 3665 428 3742; x_wconf 79' lang='lat' dir='ltr'><strong>autographa,</strong></span> <span class='ocrx_word' id='word_1_243' title='bbox 452 3664 646 3724; x_wconf 88' lang='lat' dir='ltr'><strong>minutissime</strong></span> <span class='ocrx_word' id='word_1_244' title='bbox 667 3666 697 3722; x_wconf 88' lang='lat' dir='ltr'><strong>et</strong></span> <span class='ocrx_word' id='word_1_245' title='bbox 716 3663 891 3724; x_wconf 86' lang='lat' dir='ltr'><strong>niditissime</strong></span> <span class='ocrx_word' id='word_1_246' title='bbox 910 3663 942 3724; x_wconf 90' lang='lat' dir='ltr'><strong>in</strong></span> <span class='ocrx_word' id='word_1_247' title='bbox 960 3665 1111 3742; x_wconf 85' lang='lat' dir='ltr'><strong>privatum</strong></span> <span class='ocrx_word' id='word_1_248' title='bbox 1123 3683 1211 3726; x_wconf 84' lang='lat' dir='ltr'><strong>usum</strong></span> 
     </span>
     <span class='ocr_line' id='line_1_31' title="bbox 105 3773 1210 3851; baseline -0.001 -16"><span class='ocrx_word' id='word_1_249' title='bbox 105 3775 291 3851; x_wconf 78' lang='lat' dir='ltr'><strong>conscripta,</strong></span> <span class='ocrx_word' id='word_1_250' title='bbox 305 3775 385 3833; x_wconf 89' lang='lat' dir='ltr'><strong>unde</strong></span> <span class='ocrx_word' id='word_1_251' title='bbox 402 3773 551 3834; x_wconf 84' lang='lat' dir='ltr'><strong>fluxerunt</strong></span> <span class='ocrx_word' id='word_1_252' title='bbox 561 3773 819 3851; x_wconf 83' lang='lat' dir='ltr'><strong>ejusdembrevius</strong></span> <span class='ocrx_word' id='word_1_253' title='bbox 830 3773 984 3834; x_wconf 80' lang='lat' dir='ltr'><strong>Historiae</strong></span> <span class='ocrx_word' id='word_1_254' title='bbox 991 3773 1105 3850; x_wconf 77' lang='lat' dir='ltr'><strong>patius:</strong></span> <span class='ocrx_word' id='word_1_255' title='bbox 1124 3773 1210 3834; x_wconf 85' lang='lat' dir='ltr'><strong>Gaa-</strong></span> 
     </span>
    </p>
   </div>
   <div class='ocr_carea' id='block_1_9' title="bbox 104 3873 1363 3962">
    <p class='ocr_par' dir='ltr' id='par_1_11' title="bbox 104 3873 1363 3962">
     <span class='ocr_line' id='line_1_32' title="bbox 104 3873 1363 3962; baseline -0.002 -17"><span class='ocrx_word' id='word_1_256' title='bbox 104 3884 262 3961; x_wconf 76' lang='lat' dir='ltr'><strong>pendium</strong></span> <span class='ocrx_word' id='word_1_257' title='bbox 282 3885 312 3943; x_wconf 89' lang='lat' dir='ltr'><strong>et</strong></span> <span class='ocrx_word' id='word_1_258' title='bbox 330 3882 468 3943; x_wconf 75' lang='lat' dir='ltr'><strong>Historia</strong></span> <span class='ocrx_word' id='word_1_259' title='bbox 489 3884 726 3958; x_wconf 67' lang='lat' dir='ltr'><strong>Doctrinarum,</strong></span> <span class='ocrx_word' id='word_1_260' title='bbox 748 3903 823 3962; x_wconf 87' lang='lat' dir='ltr'><strong>quae</strong></span> <span class='ocrx_word' id='word_1_261' title='bbox 840 3884 1022 3944; x_wconf 88' lang='lat' dir='ltr'><strong>auditoribus</strong></span> <span class='ocrx_word' id='word_1_262' title='bbox 1039 3883 1149 3943; x_wconf 79' lang='lat' dir='ltr'><strong>dictare</strong></span> <span class='ocrx_word' id='word_1_263' title='bbox 1164 3903 1209 3944; x_wconf 87' lang='lat' dir='ltr'><strong>so·</strong></span> <span class='ocrx_word' id='word_1_264' title='bbox 1315 3952 1318 3956; x_wconf 18' lang='lat'>⁸</span> <span class='ocrx_word' id='word_1_265' title='bbox 1361 3873 1363 3878; x_wconf 65' lang='grc'><strong>’</strong></span> 
     </span>
    </p>
   </div>
   <div class='ocr_carea' id='block_1_10' title="bbox 106 3992 1210 4292">
    <p class='ocr_par' dir='ltr' id='par_1_12' title="bbox 106 3992 1210 4292">
     <span class='ocr_line' id='line_1_33' title="bbox 106 3992 1188 4094; baseline 0.006 -42"><span class='ocrx_word' id='word_1_266' title='bbox 106 3995 197 4054; x_wconf 88' lang='lat' dir='ltr'><strong>lebat.</strong></span> <span class='ocrx_word' id='word_1_267' title='bbox 228 3993 290 4054; x_wconf 85' lang='lat' dir='ltr'><strong>Ista</strong></span> <span class='ocrx_word' id='word_1_268' title='bbox 303 3993 430 4066; x_wconf 15' lang='lat' dir='ltr'><strong>somnia,</strong></span> <span class='ocrx_word' id='word_1_269' title='bbox 456 4011 518 4094; x_wconf 77' lang='lat' dir='ltr'><strong>una</strong></span> <span class='ocrx_word' id='word_1_270' title='bbox 543 4013 612 4054; x_wconf 89' lang='lat' dir='ltr'><strong>cum</strong></span> <span class='ocrx_word' id='word_1_271' title='bbox 640 3994 760 4071; x_wconf 88' lang='lat' dir='ltr'><strong>reliquis</strong></span> <span class='ocrx_word' id='word_1_272' title='bbox 786 3993 849 4053; x_wconf 87' lang='lat' dir='ltr'><strong>Viri</strong></span> <span class='ocrx_word' id='word_1_273' title='bbox 879 3993 987 4054; x_wconf 87' lang='lat' dir='ltr'><strong>Scholis</strong></span> <span class='ocrx_word' id='word_1_274' title='bbox 1015 3992 1051 4054; x_wconf 90' lang='lat' dir='ltr'><strong>de</strong></span> <span class='ocrx_word' id='word_1_275' title='bbox 1071 3992 1142 4058; x_wconf 79' lang='lat' dir='ltr'><strong>Hisi</strong></span> <span class='ocrx_word' id='word_1_276' title='bbox 1182 3995 1188 4007; x_wconf 87' lang='grc'><strong>’</strong></span> 
     </span>
     <span class='ocr_line' id='line_1_34' title="bbox 107 4101 1210 4180; baseline 0 -18"><span class='ocrx_word' id='word_1_277' title='bbox 107 4102 295 4176; x_wconf 77' lang='lat' dir='ltr'><strong>uniuersali,</strong></span> <span class='ocrx_word' id='word_1_278' title='bbox 318 4103 560 4180; x_wconf 76' lang='lat' dir='ltr'><strong>Antiquitatibus</strong></span> <span class='ocrx_word' id='word_1_279' title='bbox 588 4102 713 4162; x_wconf 86' lang='lat' dir='ltr'><strong>Graecis</strong></span> <span class='ocrx_word' id='word_1_280' title='bbox 740 4123 773 4164; x_wconf 89' lang='lat' dir='ltr'><strong>ac</strong></span> <span class='ocrx_word' id='word_1_281' title='bbox 798 4102 961 4175; x_wconf 81' lang='lat' dir='ltr'><strong>Romanis,</strong></span> <span class='ocrx_word' id='word_1_282' title='bbox 979 4102 1010 4160; x_wconf 90' lang='lat' dir='ltr'><strong>in</strong></span> <span class='ocrx_word' id='word_1_283' title='bbox 1033 4101 1163 4164; x_wconf 82' lang='lat' dir='ltr'><strong>Graecos</strong></span> <span class='ocrx_word' id='word_1_284' title='bbox 1180 4107 1210 4162; x_wconf 88' lang='lat' dir='ltr'><strong>et</strong></span> 
     </span>
     <span class='ocr_line' id='line_1_35' title="bbox 107 4211 1208 4292; baseline 0.002 -22"><span class='ocrx_word' id='word_1_285' title='bbox 107 4211 238 4271; x_wconf 73' lang='lat' dir='ltr'><strong>Latinos</strong></span> <span class='ocrx_word' id='word_1_286' title='bbox 266 4211 449 4290; x_wconf 77' lang='lat' dir='ltr'><strong>Scriptores,</strong></span> <span class='ocrx_word' id='word_1_287' title='bbox 481 4231 516 4270; x_wconf 81' lang='lat' dir='ltr'><strong>ex</strong></span> <span class='ocrx_word' id='word_1_288' title='bbox 545 4213 656 4272; x_wconf 85' lang='lat' dir='ltr'><strong>blahnii</strong></span> <span class='ocrx_word' id='word_1_289' title='bbox 682 4212 862 4287; x_wconf 87' lang='lat' dir='ltr'><strong>supellectile</strong></span> <span class='ocrx_word' id='word_1_290' title='bbox 888 4211 1019 4272; x_wconf 82' lang='lat' dir='ltr'><strong>literaria</strong></span> <span class='ocrx_word' id='word_1_291' title='bbox 1038 4213 1077 4292; x_wconf 88' lang='lat' dir='ltr'><strong>in</strong></span> <span class='ocrx_word' id='word_1_292' title='bbox 1104 4232 1208 4274; x_wconf 84' lang='lat' dir='ltr'><strong>manus</strong></span> 
     </span>
    </p>
   </div>
   <div class='ocr_carea' id='block_1_11' title="bbox 55 4320 1209 4481">
    <p class='ocr_par' dir='ltr' id='par_1_13' title="bbox 55 4320 1209 4481">
     <span class='ocr_line' id='line_1_36' title="bbox 55 4320 1209 4412; baseline 0.003 -31"><span class='ocrx_word' id='word_1_293' title='bbox 55 4346 64 4368; x_wconf 84' lang='lat'><strong>·</strong></span> <span class='ocrx_word' id='word_1_294' title='bbox 108 4341 189 4384; x_wconf 82' lang='lat' dir='ltr'><strong>meas</strong></span> <span class='ocrx_word' id='word_1_295' title='bbox 205 4322 360 4395; x_wconf 74' lang='lat' dir='ltr'><strong>banslata,</strong></span> <span class='ocrx_word' id='word_1_296' title='bbox 382 4341 482 4382; x_wconf 88' lang='lat' dir='ltr'><strong>mense</strong></span> <span class='ocrx_word' id='word_1_297' title='bbox 499 4321 658 4384; x_wconf 81' lang='lat' dir='ltr'><strong>Novembri</strong></span> <span class='ocrx_word' id='word_1_298' title='bbox 672 4320 766 4396; x_wconf 87' lang='grc'><strong>1869,</strong></span> <span class='ocrx_word' id='word_1_299' title='bbox 784 4322 1026 4400; x_wconf 78' lang='lat' dir='ltr'><strong>quinquagesimo</strong></span> <span class='ocrx_word' id='word_1_300' title='bbox 1036 4323 1209 4412; x_wconf 73' lang='lat' dir='ltr'><strong>Doctcratus</strong></span> 
     </span>
     <span class='ocr_line' id='line_1_37' title="bbox 1034 4437 1061 4481; baseline -0.037 0"><span class='ocrx_word' id='word_1_301' title='bbox 1034 4437 1061 4481; x_wconf 84' lang='lat'><strong>12</strong></span> 
     </span>
    </p>
   </div>
   <div class='ocr_carea' id='block_1_12' title="bbox 0 0 1552 5202">
    <p class='ocr_par' dir='ltr' id='par_1_14' title="bbox 0 0 1552 5202">
     <span class='ocr_line' id='line_1_38' title="bbox 0 0 1552 5202; baseline 0 0"><span class='ocrx_word' id='word_1_302' title='bbox 0 0 1552 5202; x_wconf 95' lang='lat' dir='ltr'><strong> </strong></span> 
     </span>
    </p>
   </div>
  </div>
 </body>
</html>
