3074 5202
501 1231 836 1324 arrrrccue.
928 1185 931 1192 ‘

148 2021 233 2081 Dum
263 2021 298 2081 in
323 2020 489 2080 excudendo
516 2021 570 2080 hoc
590 2019 728 2096 opusculo
755 2021 888 2097 occupati
916 2024 1000 2080 erent
1026 2023 1216 2100 typographi,

108 2109 259 2192 nonnulla
285 2149 346 2191 sese
365 2131 438 2189 mihi
457 2130 643 2202 obtulerunt,
671 2149 747 2207 quae
767 2131 887 2206 insuper
905 2133 1157 2191 commemoranda
1173 2133 1217 2192 vi·

113 2241 273 2302 debentur.
305 2241 348 2300 Ea
366 2240 413 2299 hic
436 2240 532 2298 obiter
550 2239 693 2316 subJ'icere
714 2258 818 2315 operae
839 2241 969 2316 pretium
989 2227 1086 2301 visum
1105 2244 1158 2301 est.

155 2349 341 2428 Diptomatc
360 2348 665 2410 Hemsteohasiorum
681 2349 882 2424 Academica,
904 2351 1013 2428 quibus
1029 2353 1061 2413 in
1076 2352 1218 2412 Memora-

111 2459 222 2522 bilibus
242 2461 308 2522 suis
327 2461 539 2520 conscribendis
558 2460 667 2538 partim
685 2479 756 2520 usus
774 2463 817 2519 est
835 2459 876 2520 Ol.
893 2462 937 2520 De
955 2462 1061 2538 Crane,
1083 2481 1217 2540 quaeque

112 2573 198 2631 erant
224 2591 317 2649 penes
342 2569 447 2630 Virum
467 2572 590 2630 consult.
610 2571 701 2630 Bodel
720 2571 888 2647 Nyenhuis,
916 2572 970 2632 hoo
989 2573 1050 2648 ipso
1072 2592 1149 2632 anno
1168 2592 1219 2633 ve·

111 2698 186 2740 num
207 2683 282 2742 data
298 2682 369 2742 suut
389 2699 456 2740 cum
465 2681 554 2740 tertia
565 2699 655 2756 eaque
665 2682 812 2756 postrema
821 2681 910 2758 hujus
920 2682 1110 2742 bibliothecae
1120 2686 1217 2759 parte,

114 2789 204 2851 Cetal.
222 2791 278 2851 N0.
298 2789 392 2862 2603,
414 2790 465 2848 ubi
483 2790 519 2847 ad
539 2808 646 2848 nomen
668 2787 780 2847 Fauno.
796 2789 858 2848 Tib.
870 2777 1042 2849 Heoosterh.
1063 2811 1216 2868 perperam

113 2899 302 2979 irrepserunt
328 2901 417 2960 verba
438 2899 521 2958 uncis
541 2899 653 2958 inclusa
678 2897 719 2977 (le
739 2897 942 2980 philosophe);
971 2899 1018 2959 hic
1043 2902 1121 2960 enirn
1141 2902 1216 2960 alius

116 3013 195 3086 erat,
223 3013 325 3070 minua
351 3009 486 3088 cognitus
513 3011 543 3068 et
569 3009 697 3082 celeber,
725 3008 856 3070 diver'sus
885 3029 902 3068 a
933 2993 1096 3070 Francieoo
1121 3011 1217 3088 philo-

117 3121 221 3197 sopho:
243 3120 305 3182 vid.
326 3119 448 3180 Granius
468 3140 496 3195 p.
508 3117 556 3178 99.
587 3117 662 3178 Ibid.
683 3117 1218 3180 N0.3001aderata1aornmcraniani

99 3232 253 3305 ¹opusculi
282 3231 462 3307 exemplum,
491 3249 558 3290 curn
583 3229 754 3289 commercio
779 3229 928 3306 epistolico
954 3232 985 3287 et
1011 3205 1123 3289 annott.
1147 3223 1221 3289 msa

118 3339 212 3402 Ambo
234 3341 377 3400 dicuntur
396 3339 429 3398 in
448 3339 586 3413 Frisium,
607 3339 735 3421 natalem
754 3339 895 3415 patriam,
916 3339 1026 3399 abiisse.

155 3450 374 3528 Aristophanis
396 3448 497 3523 Plora,
524 3469 541 3507 a
565 3449 628 3508 Tib.
649 3449 814 3509 Homstorh.
836 3449 978 3527 recogniti
999 3469 1025 3508 a.
1046 3448 1140 3521 1744,
1163 3467 1216 3508 cu·

115 3559 163 3634 jue
182 3562 297 3622 mentio
317 3561 351 3619 fit
367 3581 395 3638 p.
416 3560 452 3634 3,
474 3558 563 3620 editio
586 3578 676 3631 nova,
695 3559 853 3635 appendice
870 3562 956 3618 aucta
976 3559 1110 3640 (curante
1131 3558 1163 3616 G.
1176 3559 1213 3618 H.

119 3668 282 3752 Schaefero)
301 3671 410 3746 prodiit
428 3671 554 3747 Lipsiae,
575 3688 610 3730 ex
630 3669 703 3728 offic.
724 3668 894 3741 Flciecheri,
916 3689 942 3727 a.
963 3667 1051 3728 1811:
1071 3645 1215 3728 villota

121 3778 272 3842 Societalis
288 3780 478 3858 philologioac
492 3779 649 3856 lipsiensis
654 3823 663 3852 ,
684 3779 747 3838 Vol.
769 3777 793 3837 Ι.
816 3798 844 3855 p.
867 3776 1034 3838 437-440.

160 3889 241 3959 Quae
267 3892 300 3951 in
326 3891 356 3950 G.
384 3890 507 3965 Burneji
532 3891 730 3967 Epistolarum
750 3889 917 3948 collectione
937 3887 1060 3946 Loudin.
1082 3883 1215 3959 1808‚a

122 3995 336 4062 Friedemanno'
358 4018 474 4072 recusa,
502 4001 539 4059 de
565 4019 624 4078 qua
650 3999 774 4058 diximus
793 4019 822 4074 p.
845 3996 879 4071 7,
902 3999 1017 4056 exstant
1036 3997 1069 4054 R.
1087 3997 1215 4074 Bentleji

106 4083 198 4170 ‘duae
218 4111 254 4172 de
273 4112 391 4172 Polluce
419 4110 456 4168 ad
476 4109 537 4168 Tib.
559 4108 813 4172 Hemeterhueium
833 4105 993 4183 Epistolae,
1015 4105 1217 4167 deficientibus

124 4220 324 4298 autographis,
353 4240 389 4280 ex
415 4219 582 4280 Ruhnkenii
609 4220 654 4278 ed.
682 4219 733 4277 alt.
760 4237 786 4277 a.
806 4214 887 4276 1789
906 4217 1048 4292 repetitae
1067 4217 1213 4276 videntur.

127 4326 236 4404 Tertia,
255 4331 290 4391 de
309 4331 433 4407 Bentleji
454 4329 574 4388 Horatio
594 4330 672 4406 typis
693 4327 898 4388 Woteteuianie
915 4326 1216 4414 Ametelodamirecu-
