3074 5202
351 412 392 474 92
672 412 896 490 Supplemoaa
913 413 1131 472 Anuotation'is

350 609 411 652 non
431 592 489 664 ast,
509 591 588 650 edito
608 590 698 664 libro,
720 591 870 667 complura
886 609 946 650 sese
963 591 1116 666 obbrliase,
1136 611 1271 670 quornm
1288 593 1464 652 incomes-

350 702 394 762 tio
419 703 475 760 ant
500 700 726 775 desideraretur,
754 705 807 760 eut
832 704 910 760 carte
936 704 1085 762 commode
1108 703 1278 781 supplenda
1299 704 1459 764 videretur

349 810 394 870 Ex
417 809 474 870 hoc
498 830 606 889 genere
632 811 776 870 nonnulla
795 811 857 887 ipse
876 811 1011 871 Mahnins
1031 813 1145 891 attigit,
1167 831 1235 872 cum
1257 814 1293 872 in
1318 813 1463 890 Epistola·

348 940 417 980 rnm
443 919 660 998 Wyttenbachii
686 924 717 980 et
736 920 904 980 Ruhnkeuii
925 921 1068 994 editione,
1096 925 1163 982 tum
1182 923 1215 980 in
1234 921 1463 998 supplementi

348 1030 547 1106 Epistularum
562 1030 718 1108 utriusque
736 1031 819 1091 Viri·
830 1030 955 1090 'Restant
971 1031 1029 1089 alia
1044 1051 1062 1090 a
1077 1029 1162 1091 nobis
1177 1033 1286 1108 postea
1295 1031 1461 1091 identidem

349 1140 564 1212 animadversa,
585 1160 661 1218 qnae
680 1159 718 1200 no
739 1139 771 1200 in
791 1143 941 1216 posterum
960 1159 996 1199 ex
1015 1139 1167 1201 hominnm
1183 1142 1339 1202 memoria
1362 1161 1461 1202 evene

349 1253 444 1323 scant,
462 1251 569 1310 horum
585 1269 639 1328 ope
659 1251 929 1327 supplementorum
949 1250 1163 1326 providendum
1184 1251 1335 1310 arbitrati
1355 1271 1458 1310 snmus.

386 1359 604 1437 Wyttenbachii
623 1361 689 1436 post
708 1359 860 1420 Matinium
880 1360 1050 1419 memoriam
1069 1359 1117 1436 pie
1134 1359 1263 1419 recoluit
1282 1360 1371 1420 Phil.
1391 1361 1457 1419 Gnil.

347 1489 406 1532 rau
430 1470 549 1530 Eanede
576 1471 609 1529 in
634 1470 765 1547 Epistola
791 1471 827 1528 ad
851 1470 931 1528 Frid.
959 1470 1151 1543 Creuzorum,
1177 1469 1388 1530 dedicationis
1405 1471 1460 1530 loco

347 1580 505 1656 praemissa
530 1580 730 1656 Philosophiae
754 1579 921 1639 Platonicae
948 1580 1062 1652 Initiis,
1092 1578 1233 1639 nasta.
1280 1579 1459 1640 Summatim

347 1689 423 1750 dixit
450 1689 485 1749 de
511 1708 545 1749 eo
569 1691 606 1748 D.
625 1690 654 1749 J.
675 1709 733 1749 van
753 1689 872 1764 Lennep
894 1687 1030 1748 Oratione
1049 1689 1082 1747 in
1102 1688 1194 1748 altera
1213 1688 1375 1747 Athenaei
1393 1691 1459 1748 Am-

347 1800 566 1860 stelodamensis
586 1800 751 1859 Saecularis
772 1819 798 1858 a.
819 1796 914 1872 1832,
935 1819 963 1882 p.
984 1797 1161 1873 aot-210,
1182 1800 1214 1858 et
1229 1801 1352 1860 Annot.
1361 1820 1389 1876 p.
1400 1798 1460 1858 269

348 1929 390 1988 sq.
416 1910 544 1970 laudatis
571 1909 698 1987 Stapfori
723 1908 898 1987 Biographia
917 1910 1000 1968 univ.
1021 1909 1054 1968 Τ.
1074 1910 1128 1983 LI,
1148 1931 1177 1987 p.
1199 1908 1278 1983 309,
1302 1913 1339 1969 et
1361 1912 1456 1969 Anna-

229 2039 234 2054 ·
345 2021 425 2082 libus
441 2021 614 2102 Academiae
631 2020 920 2098 lugduno-Batavae
936 2018 1151 2094 rste-1821,
1169 2020 1223 2080 nbi
1233 2020 1454 2097 Wyttcnbachii

348 2132 457 2208 scripta
476 2134 675 2192 recensentur.
706 2131 843 2190 Addatur
862 2130 909 2190 Fr.
932 2130 1055 2188 Grenuer
1073 2130 1106 2189 in
1126 2131 1194 2190 Vita
1215 2149 1269 2190 sua
1282 2131 1455 2190 Germanice

350 2242 459 2319 scripta
479 2241 558 2322 (Aue
580 2241 650 2299 dero
672 2239 772 2299 Laberi
793 2240 875 2296 eines
894 2239 977 2300 alten
995 2239 1181 2316 professore,
1200 2259 1232 2298 u.
1249 2257 1272 2298 s.
1293 2259 1335 2300 w.
1358 2241 1452 2316 Leipz.

348 2369 380 2411 u.
402 2350 537 2410 Darmst.
559 2348 661 2428 teas)
682 2369 711 2425 p.
733 2324 860 2406 79-84.
891 2348 972 2407 Nihil
999 2349 1068 2408 novi
1088 2349 1221 2409 continet
1240 2347 1378 2409 lexicon
1399 2369 1451 2409 rer·

348 2461 489 2522 naculum
508 2460 617 2518 artium
637 2461 667 2519 et
687 2458 905 2530 doctrinarum,
926 2458 1105 2534 Zutphaniae
1125 2457 1286 2537 editumi).

387 2572 508 2632 Praeter
527 2571 600 2644 alia,
622 2570 749 2648 quaein
770 2569 837 2628 Vite
861 2568 1076 2644 Wyttenbachii
1095 2569 1320 2640 desiderantur,
1342 2571 1453 2629 mentio

348 2685 393 2744 est
412 2681 540 2742 Hieron.
563 2682 601 2740 de
619 2680 732 2754 Boscb,
753 2680 806 2756 qui
826 2678 854 2737 ei
877 2677 1010 2737 Carmen
1030 2697 1118 2738 sium
1138 2678 1177 2737 de
1197 2678 1385 2738 Hernicum
1406 2698 1452 2738 ae·

347 2790 497 2870 qualitate
515 2791 658 2877 singulari
678 2790 800 2867 epistola
819 2789 964 2865 inscripsit
984 2785 1060 2848 aniro
1079 2787 1168 2848 1793.
1191 2787 1227 2848 A.
1250 2788 1285 2847 L.
1311 2787 1453 2848 Kaldou-

347 2901 438 2975 bach,
460 2900 609 2980 Gymnasii
628 2899 761 2958 Homani
780 2898 970 2970 Ptorectoris,
995 2896 1145 2956 Carmina
1165 2899 1193 2956 ei
1213 2898 1360 2972 dicentis,
1385 2900 1452 2958 Am-

345 3011 498 3072 stelodami
518 3010 598 3070 edita
618 3029 643 3068 a.
653 3007 743 3068 1800.
763 3008 842 3084 Aug.
866 3005 1023 3080 Matthiae,
1045 3007 1270 3066 Grammaticam
1292 3007 1449 3076 Graecam,

346 3121 517 3182 Germanice
543 3121 697 3197 scriptam,
726 3120 790 3195 ejus
810 3116 922 3176 nomini
940 3115 1139 3191 inscribentis,
1160 3135 1185 3174 a.
1207 3113 1303 3188 1,807;
1327 3119 1381 3176 cui
1401 3137 1450 3194 pro

346 3231 444 3291 oblato
462 3232 518 3291 hoc
538 3230 647 3291 honore
666 3229 775 3307 gratias
795 3227 857 3305 egit
875 3223 1133 3303 wyttenbachius,
1153 3227 1227 3302 Epp.
1247 3226 1330 3285 Fasc.
1351 3227 1406 3300 11,
1422 3248 1448 3303 p.

345 3341 439 3420 disq.
459 3342 581 3418 ejirsque
601 3339 669 3398 libri
687 3357 839 3398 censuram
857 3336 985 3413 prodidit
999 3335 1122 3394 Philom.
1138 3336 1222 3395 1..11.
1235 3335 1447 3412 paea-eea.

346 3453 422 3512 Tum
442 3470 512 3512 voro
530 3451 635 3522 etiam,
656 3450 773 3525 praeter
792 3448 915 3507 honores
934 3446 1158 3524 wyttenbachio
1176 3423 1294 3521 publico
1315 3447 1445 3513 oblatos,

347 3562 465 3622 Ordinis
490 3560 632 3636 equestris
666 3557 795 3619 Uoionis
815 3556 981 3618 Hollandiei
1000 3559 1030 3615 et
1050 3555 1221 3616 Hecatonis
1240 3557 1395 3632 Francici,
1417 3577 1446 3616 ae

345 3674 451 3734 deinde
471 3670 581 3730 Leonis
598 3667 728 3744 Belgici,
748 3666 876 3727 sodalitii
893 3664 1032 3724 instituti
1048 3664 1139 3742 Regii
1151 3667 1342 3725 nontantum
1351 3666 1444 3726 Noer-

343 3785 467 3856 landici,
488 3801 592 3843 verum
612 3779 702 3837 etiam
721 3777 867 3850 Francici,
892 3777 978 3833 utet
1000 3773 1155 3834 Societatis
1177 3773 1309 3834 latinae
1328 3775 1444 3835 Jenec·

345 3898 386 3955 ais
408 3898 440 3953 et
464 3893 572 3972 Regiae
599 3887 820 3964 cartanensis,
848 3887 884 3945 de
904 3884 1011 3960 quibus
1030 3885 1166 3946 omnibus
1183 3885 1288 3944 retulit
1307 3885 1444 3946 Mabnius

388 4178 410 4256 ¹)
436 4185 535 4253 Algrm.
567 4162 746 4232 Woordcnioat
773 4195 822 4227 surr
849 4179 966 4226 Karsten
992 4193 1022 4225 cn
1054 4175 1194 4225 Wctsnsct.
1219 4177 1368 4225 versamur
1386 4176 1446 4226 door

348 4270 392 4318 Gt.
408 4263 608 4320 Marmaricis,
629 4261 710 4311 T.·W.
731 4249 830 4328 (1828)
847 4276 872 4323 p·
886 4256 1051 4308 cca-tte.
1067 4257 1111 4306 ubi
1122 4256 1281 4318 corrigantur
1292 4257 1344 4306 duo
1355 4271 1445 4322 graves

343 4363 457 4406 errores,
478 4345 574 4410 largsr
592 4359 639 4408 pro
659 4343 765 4408 longer,
787 4345 813 4388 at
834 4338 1002 4388 Aristarchus
1022 4353 1067 4402 pro
1088 4336 1278 4385 Aristaenetus.
