3074 5202
356 407 400 468 oc
675 407 898 487 sopptemeota
922 410 1137 470 Aaouotottonts
1163 471 1168 480 ,

358 601 437 644 nnnc
455 601 516 644 non
535 584 708 645 statuimus:
730 587 780 646 sed
799 586 942 646 notissimi
961 587 1032 647 sunt
1051 607 1087 648 ex
1105 605 1140 648 eo
1157 605 1263 666 genere
1281 588 1382 663 libri,
1405 590 1470 650 Bos

357 695 445 784 tigeri
466 693 600 768 Sotium
620 695 745 755 Behkeri
767 694 888 770 Gallus,
909 700 964 756 cet.
1124 755 1131 773 „

396 807 428 864 P.
449 804 518 864 233.
541 804 682 866 hiemet
696 823 767 865 cero
785 807 893 880 etium,
915 804 1025 884 quibus
1044 824 1221 884 numquam
1237 807 1469 884 responderet,

356 913 424 994 ces]
444 914 482 974 n
501 915 791 988 mamistenum,
813 935 901 992 quem
920 935 980 976 non
1000 916 1084 976 vnce
1105 901 1221 976 masat
1239 917 1469 981 suessanus,

354 1043 450 1101 neque
476 1025 686 1084 Ruhnkenium
712 1025 853 1084 Reishius.
884 1027 931 1084 Ad
956 1025 1153 1098 samareum,
1180 1025 1344 1086 medicum
1372 1026 1468 1084 litere

353 1139 434 1210 tum,
463 1136 604 1208 amicum,
626 1155 753 1213 quocum
773 1137 911 1213 frequens
930 1135 958 1194 ei
977 1136 1036 1195 fuit
1054 1135 1208 1194 literarum
1228 1135 1468 1206 commercium,

354 1246 469 1321 scripsit
488 1245 660 1322 aliquando:
683 1247 851 1315 »Quantum
871 1246 908 1304 ad
924 1245 1147 1334 Ruhnkenium,
1168 1263 1228 1304 nou
1237 1245 1466 1304 multummihi

352 1356 492 1432 promitto
526 1356 562 1414 de
581 1355 673 1444 ipsius
693 1356 898 1415 Callimacheis.
929 1356 981 1415 Est
1004 1357 1092 1417 homo
1112 1360 1268 1427 ventosas,
1295 1353 1400 1431 quale
1420 1355 1465 1412 ho

352 1465 467 1525 minum
493 1482 586 1542 genus
612 1465 684 1522 mihi
710 1464 920 1524 intolerabile.'’
953 1465 1099 1544 (Mnemos.
1122 1464 1185 1523 Vol.
1206 1464 1232 1522 Ι.
1252 1483 1284 1540 p.
1309 1463 1400 1535 346,
1422 1463 1464 1520 Na

353 1572 450 1652 XVII)
470 1573 573 1651 Neque
594 1574 631 1632 de
647 1575 711 1649 ejus
731 1575 861 1650 Epistola
879 1574 987 1633 Onitioa
1006 1574 1043 1633 ad
1064 1572 1293 1633 Valckenarium
1317 1573 1400 1632 satis
1420 1574 1463 1630 ho

352 1681 471 1742 uorifice
491 1683 593 1757 sensit,
616 1701 731 1742 uocum
749 1701 866 1742 morem
883 1683 1086 1760 paneppro'cos
1106 1681 1276 1740 uiuentibus
1300 1681 1462 1740 wiberat

353 1811 480 1870 ensem.
502 1793 586 1874 (ibid.
606 1791 721 1870 p.347‚
741 1792 790 1853 ue
811 1793 898 1872 xri.)
917 1793 956 1851 ut
975 1793 1007 1851 n
1027 1792 1096 1852 vm
1111 1810 1180 1865 sua,
1198 1790 1388 1851 somnies
1397 1809 1460 1850 ccn-
1484 1747 1488 1832 ⁴

351 1902 459 1979 scripta
478 1921 512 1962 ac
531 1906 597 1979 post
615 1905 741 1967 mortem
760 1903 796 1962 ab
816 1921 907 1962 uxore
927 1902 1020 1975 edite,
1040 1902 1170 1960 ahenum
1186 1919 1204 1959 a
1223 1900 1412 1960 Ruhnkenii
1421 1901 1458 1958 in·

350 2012 416 2072 dole
443 2013 575 2072 animum
595 2015 649 2074 sibi
669 2015 759 2073 fuisse
778 2013 962 2091 significavit.
993 2012 1143 2085 Vicissim,
1165 2029 1258 2088 quum
1279 2031 1302 2070 a
1324 2010 1454 2077 Beiskic,

350 2141 388 2182 ne
403 2106 505 2199 rogato
523 2123 657 2200 quidem,
677 2123 756 2181 haud
773 2107 987 2181 contemnenda
1002 2120 1169 2206 Phoenissis
1182 2119 1363 2196 Emipideie
1373 2119 1451 2178 edon·

352 2231 397 2290 dis
422 2231 552 2291 subsidia
578 2233 733 2307 accepisset
757 2231 982 2304 Valckenarius,
1013 2230 1102 2306 idque
1133 2231 1313 2289 Ruhnheuio
1346 2226 1450 2306 signifi·

351 2343 456 2413 nasset,
478 2342 627 2416 respondit
646 2341 853 2406 Ruhnkeuius:
877 2341 979 2410 aQuod
998 2341 1112 2399 ultimis
1131 2341 1222 2400 literis
1239 2341 1304 2399 tuis
1325 2341 1367 2398 de
1384 2337 1446 2396 licis

351 2449 400 2509 hio
428 2468 543 2522 narras,
574 2451 666 2509 nobis·
687 2453 718 2508 et
746 2470 822 2509 nove
851 2453 881 2508 et
906 2449 1103 2530 inexspectata
1130 2450 1314 2508 accidenmt.
1357 2447 1448 2507 Melici

350 2562 450 2619 tamen
479 2559 715 2619 Hemsterhusius
743 2563 842 2618 noster
870 2563 901 2618 te
930 2561 1009 2618 omni
1036 2577 1105 2618 cum
1130 2560 1245 2619 homine
1273 2555 1444 2619 commercio

350 2669 504 2729 abstinere.
534 2670 611 2728 Nam
631 2670 684 2745 qui
703 2689 783 2728 nunc
803 2671 839 2728 ad
859 2672 890 2728 te
909 2670 1008 2728 literas
1030 2647 1272 2728 dat⁰demisseet
1295 2667 1444 2728 humiliter

349 2778 485 2854 scriptus,
512 2780 595 2840 brevi
615 2782 658 2852 te,
687 2780 739 2854 qui
765 2781 826 2854 ejus
853 2799 915 2838 mos
941 2781 998 2852 est,
1025 2779 1143 2855 publice
1173 2764 1291 2838 vexabit
1321 2782 1357 2838 et
1377 2776 1443 2835 eulu-

349 2888 437 2947 mniis
462 2891 552 2965 petet.
590 2889 711 2964 Scripsit
736 2889 825 2947 etiam
845 2889 881 2947 ad
902 2907 949 2947 me
968 2889 1132 2964 epistolem,
1154 2888 1178 2946 si
1198 2889 1289 2947 verba
1320 2889 1437 2965 spectes.

348 2999 595 3058 humanissimam.
626 2999 683 3057 Sed
701 2999 775 3056 nihil
795 3000 924 3076 responsi
943 2999 1031 3069 tulit;
1052 3017 1106 3057 nec
1125 2998 1282 3075 quicquam
1299 2998 1380 3058 mihi
1396 3011 1438 3051 no·

347 3107 431 3166 titiae
461 3127 529 3166 cum
558 3107 681 3185 perfidd
708 3107 801 3166 baetici
827 3127 888 3168 esse
915 3107 1009 3168 volo.”
1059 3109 1191 3188 Regessit
1216 3105 1435 3167 Valckenarius:

350 3217 411 3275 »De
430 3217 546 3276 Reiskio
565 3217 637 3294 quid
657 3217 728 3276 adeo
747 3218 873 3277 scribere
891 3219 1052 3293 potuerim,
1073 3238 1153 3277 nunc
1172 3237 1232 3278 nou
1248 3211 1434 3278 commemini·

347 3325 405 3384 Sed
430 3325 505 3386 illud
528 3327 610 3404 noui,
638 3345 712 3404 quae
731 3330 766 3386 tu
786 3328 902 3403 scribis,
929 3329 1002 3388 mihi
1022 3330 1158 3389 eccidisse
1178 3329 1310 3389 mirifice..
1345 3324 1432 3386 Prius·

346 3454 435 3513 quem
456 3436 617 3513 quidquam
636 3455 654 3494 a
672 3457 719 3495 me
737 3438 890 3496 literarum
906 3439 1077 3514 accepisset,
1103 3440 1178 3500 dono
1195 3439 1288 3498 mittit
1305 3437 1428 3497 Constat·

345 3546 452 3638 tinum.
482 3545 587 3604 Nonne
612 3548 779 3622 postulabat
803 3547 985 3622 humanitas,
1007 3553 1042 3608 ut
1061 3550 1171 3610 homini
1189 3552 1287 3628 gretes
1308 3537 1430 3626 agerem-³

345 3657 453 3732 Sponte
473 3676 526 3716 sua
543 3655 628 3716 offert
648 3660 678 3715 et
699 3658 793 3716 mittit
811 3659 943 3721 nondum
962 3662 1082 3736 rogatus
1102 3638 1284 3724 scholiorum
1304 3660 1339 3718 in
1358 3649 1428 3714 Euri·

342 3767 441 3842 pidem
468 3767 615 3843 exemplar
641 3767 874 3844 Hervngisnum
905 3789 940 3828 ex
966 3770 1033 3829 God.
1060 3770 1233 3847 Augmtmo
1260 3771 1297 3828 ab
1325 3762 1430 3826 homino

346 3877 492 3952 quondam
519 3877 683 3938 doctissimo
703 3879 924 3938 emendatorum
945 3883 975 3940 et
994 3881 1158 3957 insignibus
1178 3879 1344 3958 augmentis
1364 3873 1429 3932 dita·

344 3991 458 4045 torum:
486 4007 523 4046 ne
549 3989 604 4048 tibi
624 3990 742 4066 quidem
763 3987 872 4063 ἐχθρῶν
892 3990 987 4066 ἄδωρα
1006 3991 1085 4066 δῶρα
1105 3990 1285 4050 videbuntur
1316 3986 1367 4046 ubi
1397 3997 1431 4038 σθ·

343 4097 495 4174 gnoveris,
515 4102 588 4176 quot
607 4119 683 4159 nova
703 4099 797 4158 Codex
813 4098 863 4156 ille
879 4099 1004 4176 August.
1016 4101 1234 4176 complectatur.
1246 4081 1327 4158 Get.''
1355 4093 1426 4170 (Eph

344 4209 418 4267 mut.
443 4229 472 4285 p.
494 4207 547 4280 75,
576 4208 629 4282 81,
649 4209 689 4270 85
699 4211 752 4286 sq.)
773 4210 876 4286 Neque
896 4210 967 4269 adeo
987 4211 1081 4270 malus
1100 4211 1185 4270 homo
1207 4211 1260 4270 sut
1289 4209 1324 4268 sb
1344 4197 1422 4264 officit

340 4318 512 4394 praestando
531 4318 643 4378 alienus
663 4322 725 4380 eret
745 4319 885 4380 Raiskius.
907 4319 1044 4380 Edidorat
1055 4321 1125 4381 clim
1143 4313 1420 4382 Antotodoerstones
