3074 5202
330 401 368 462 tt
651 401 836 460 Auctarium
867 401 1090 478 opusculorum

370 583 449 644 Haeo
476 601 511 641 ex
537 580 685 658 Sophooie.
716 580 754 638 Et
781 577 932 638 Timaeum
959 583 989 638 et
1015 579 1191 640 Glossarium
1212 565 1438 642 alterurn'enm

198 716 205 732 =
331 695 408 755 notis
434 694 506 753 meis
533 694 624 753 edom.
664 693 748 762 Quod
772 693 848 750 forte
868 692 1035 766 insequenti
1055 693 1164 750 aestate
1185 692 1297 750 effioere
1318 691 1438 754 lioebit.

331 805 419 865 Nune
444 805 523 864 enim
549 823 596 863 me
622 805 719 862 totum
746 802 801 862 sibi
820 801 951 860 vindieat
971 799 1097 860 Graeens
1117 801 1218 876 dotus,
1240 801 1439 876 Thalelaeus,

328 917 415 992 eujus
440 917 539 973 tamen
567 915 706 991 mojorem
732 915 846 989 partem
868 913 932 988 jam
955 911 1079 985 absolvi,
1108 914 1138 970 et
1157 911 1329 988 propediem
1351 913 1439 988 prelo
1519 917 1521 938 '¹

328 1025 458 1098 tradam,
486 1024 687 1102 flagitantibus
716 1023 822 1099 passim
849 1022 957 1081 amieis.
988 1021 1106 1081 Interea
1132 1022 1169 1080 ad
1189 1021 1440 1098 nosperferetur
1523 1019 1524 1044 ¹

329 1134 490 1212 Phryniohi
515 1134 694 1210 sophisticus
719 1133 899 1209 Apparatus,
926 1117 1014 1208 quem
1039 1132 1237 1208 superioribus
1265 1131 1442 1209 adjungere
1523 1139 1524 1144 ’

330 1265 389 1306 non
417 1246 548 1305 alienum
566 1243 666 1302 fuerit.
697 1242 774 1300 Nam
793 1231 948 1304 Stoeberus
967 1242 1017 1300 iiie
1036 1242 1290 1320 Argentoratensis
1311 1261 1440 1302 omnem

329 1356 593 1415 Grammaticorum
613 1353 791 1412 edendorum
812 1371 912 1412 euram
929 1353 1043 1428 abjecit.
1070 1351 1200 1429 Epistola
1216 1352 1319 1411 oritioa
1339 1353 1442 1411 altere

330 1467 391 1525 iere
418 1465 456 1524 ad
478 1465 595 1540 prelum
617 1465 719 1540 perata
747 1465 799 1522 est.
831 1463 965 1522 Delibero
985 1463 1080 1521 adhue
1100 1467 1204 1521 utrum
1225 1481 1258 1520 ea
1279 1463 1442 1522 occasione

333 1575 442 1635 Orbilio
469 1573 730 1634 Amstolodamensi
755 1591 809 1650 per
833 1571 897 1649 pari
922 1572 1061 1645 referem,
1081 1574 1144 1648 vqui
1174 1592 1222 1632 me
1250 1591 1379 1650 quoque
1409 1574 1442 1632 in

331 1687 413 1746 vasto
441 1686 498 1755 isto
519 1685 550 1744 et
573 1673 655 1744 futili
672 1683 845 1760 plerumque
865 1683 902 1741 ad
922 1682 1107 1742 Charitonem
1126 1683 1339 1762 commentario
1362 1684 1443 1743 obli-

331 1813 389 1873 que
408 1795 524 1873 tetigit,
554 1813 591 1854 en
610 1793 727 1854 silentio
747 1794 894 1853 hominem
915 1795 945 1852 et
964 1793 1115 1852 contemtu
1135 1791 1348 1855 transmittam.
1384 1793 1441 1854 Sed

331 1927 349 1965 a
373 1893 424 1978 Te,
452 1905 494 1964 mi
518 1899 706 1976 Valckenari,
728 1903 807 1962 haud
828 1903 949 1978 impune
969 1904 1151 1963 debet'abire
1171 1904 1360 1980 impudentis
1384 1906 1441 1965 oris
1523 1911 1524 1996 J

330 2006 516 2094 sycophanta.
537 2015 574 2074 In
591 2015 667 2073 hano
682 2013 862 2074 virulentam
875 2013 998 2073 bestiam
1015 2033 1096 2072 arma
1110 2015 1208 2075 omnia
1224 2009 1439 2074 convertenda.

333 2127 427 2187 Avide
446 2128 579 2202 exspeoto
595 2125 678 2184 Nova
695 2124 769 2183 Aeta
786 2120 992 2206 Eruditorum,
1013 2123 1046 2183 in
1063 2124 1169 2201 quibus
1178 2123 1326 2197 Baohius,
1350 2125 1376 2184 J
1376 2127 1442 2185 otus
1521 2095 1524 2144 κ’

332 2235 489 2313 Lipsiensis
510 2211 617 2293 Graece
641 2233 786 2306 eruditus,
807 2232 844 2292 de
862 2233 962 2292 libello
978 2253 1042 2293 meo
1058 2228 1234 2294 sententiam
1249 2233 1365 2296 dixisse
1381 2236 1441 2295 fer-

332 2333 391 2403 tur.
430 2342 563 2415 Ernesti,
592 2341 763 2401 Germaniae
788 2359 857 2400 suae
876 2343 1005 2417 Tullius,
1033 2359 1086 2419 pro
1104 2345 1272 2404 transmissa
1291 2341 1442 2406 Oratione
1523 2329 1524 2344 ¹

333 2453 472 2513 maximas
492 2451 556 2511 Tibi
572 2452 681 2530 gratias
698 2450 773 2529 egit,
795 2451 914 2510 mittens
930 2453 1072 2529 tanquam
1090 2456 1251 2530 dvttdopor
1269 2455 1443 2516 orationem
1521 2515 1524 2542 ,χ

334 2561 481 2641 quandam
500 2581 612 2652 suam,
625 2580 714 2639 quam
737 2561 825 2620 alicui
844 2562 875 2620 in
895 2561 1016 2650 Frisium
1036 2562 1072 2622 ad
1093 2581 1143 2623 vos
1162 2546 1333 2640 profecturo
1356 2583 1442 2625 oom-

329 2675 458 2734 ‘mittem
494 2671 640 2750 Equidem
666 2689 746 2730 nuno
771 2672 877 2732 Leidee
895 2691 995 2733 versor
1015 2687 1083 2734 oum
1102 2674 1210 2734 illustri
1227 2672 1359 2750 juvene,
1385 2677 1444 2736 Ni·
1523 2719 1524 2742 ,

330 2785 413 2845 eolao
438 2781 594 2856 Dierkens,
623 2783 707 2858 eujus
733 2781 831 2841 studia
861 2783 1001 2844 moderor.
1032 2782 1223 2844 Domioiiium·
1250 2778 1298 2843 est'
1315 2785 1351 2845 in
1374 2787 1443 2847 vieo

333 2896 411 2956 dioto
435 2894 473 2953 de
500 2883 680 2971 Popepraft.
710 2891 847 2951 Salutent
868 2896 899 2951 te
919 2893 1157 2954 Hemsterhueius
1173 2891 1208 2953 ¹et
1227 2893 1363 2968 Aiberti,
1387 2899 1441 2974 qni

334 3007 366 3066 in
393 3005 455 3064 dies
479 3003 523 3062 ita
549 3001 737 3074 convalescit,
758 3003 795 3061 ut
814 3021 874 3061 non
893 3002 932 3062 eit
951 3003 1162 3077 dubitandum,
1184 3003 1257 3080 quin
1276 3005 1440 3080 pristinam
1523 3029 1524 3042 κ

248 3101 258 3122 ”
335 3115 536 3174 valetudinem
555 3129 674 3190 prorsus
693 3111 732 3171 sit
750 3115 985 3187 reeuperaturus.
1007 3113 1135 3174 Salvebis
1151 3113 1223 3172 item
1241 3113 1439 3191 aLennepio,

336 3223 556 3300 occupatissimo
581 3221 634 3282 iilo
657 3221 775 3297 quidem
794 3221 826 3282 in
846 3221 1039 3282 Numismatis
1058 3221 1239 3298 ordinandis,
1261 3224 1312 3283 sed
1333 3227 1438 3285 tamen

334 3331 449 3409 saepius
469 3331 506 3391 ad
526 3331 648 3391 Graecas
666 3332 763 3391 Musas
779 3330 926 3392 invisenti.
952 3331 1136 3392 Phalaridem
1152 3335 1268 3412 egregie
1285 3335 1436 3394 emendat.

333 3442 390 3504 Sed
418 3439 542 3519 Anglioa
568 3441 671 3518 lingna
697 3440 833 3506 discenda
859 3443 936 3514 erat,
964 3444 1000 3500 ui
1019 3441 1103 3500 nobis
1123 3442 1295 3519 Bentlejana
1316 3447 1436 3504 vertere

332 3554 437 3630 posset.
468 3549 532 3609 Meo
552 3550 685 3624 nomine,
707 3549 764 3610 nisi
785 3550 875 3628 graie
892 3552 949 3623 est,
970 3550 1111 3610 salutabis
1127 3553 1245 3612 eximios
1259 3553 1355 3627 viros,
1377 3554 1436 3614 Ve-

332 3679 449 3722 nemnm
479 3663 511 3720 et
541 3659 743 3719 Schradernm.
767 3659 870 3731 ·Vale,
902 3657 1088 3734 Valckenari,
1119 3660 1207 3722 deone
1235 3665 1374 3724 nostrum
1407 3669 1437 3723 et

333 3789 429 3844 emor,
451 3771 592 3854 nobisque
613 3770 686 3830 fave.
717 3770 789 3828 Dab.
810 3769 933 3842 Leidae,
954 3769 982 3828 d.
1003 3770 1024 3830 5
1043 3770 1177 3831 Decemb.
1198 3771 1286 3832 1750.

348 4049 352 4057 Ι
439 3959 530 4018 VIRO
551 3960 756 4020 HUMANISS.
776 3958 901 4028 Arous
921 3959 1030 4018 ERUD.
1044 3961 1085 4051 ¹D.
1106 3961 1334 4022 RUHNKENIO

749 4083 1019 4131 snunnu

376 4209 415 4267 Et
444 4209 571 4284 reliqua,
599 4226 675 4286 quae
701 4210 823 4269 nuncies
847 4209 1019 4283 laetissima,
1040 4229 1182 4288 magnum
1200 4210 1273 4270 mihi
1290 4211 1438 4290 gaudium

332 4321 526 4400 pepererunt,
557 4321 606 4380 sed
638 4321 711 4379 illud
739 4321 871 4395 inprimis
896 4321 1061 4396 jucundum
1083 4320 1202 4396 accidit,
1234 4321 1313 4400 quod
1333 4323 1438 4382 scribis
1523 4345 1524 4360 ¹
