3074 5202
418 390 446 438 et
469 341 676 457 Epistularum
702 382 892 443 Relozkenii.
1168 386 1207 446 87

76 563 295 621 'observantia
320 561 431 638 rogavi.
461 561 523 618 lieo
550 563 708 637 quiequam
733 564 821 622 citius
848 563 958 621 fautum
977 567 1038 636 est,
1063 582 1153 640 quam
1171 569 1209 624 ut

97 673 183 744 Vos,
210 672 278 729 Vuu
296 686 526 742 mnsrmssnu,
550 671 621 728 huie
641 673 795 746 cupiditati
815 693 912 744 mene,
930 675 1044 748 justae,
1064 677 1100 731 ut
1119 673 1209 734 Vobis

99 783 279 854 videbatur,
299 785 330 838 et
348 782 501 850 honestae,
523 782 644 838 comiter
662 782 846 858 benigneque
866 783 1043 841 annueretis
1074 783 1207 856 Etenim,

99 911 187 969 quae
213 891 317 950 Vestra
341 895 388 949 est
413 892 571 966 supientia,
602 911 663 949 non
691 892 758 950 ideo
786 892 963 950 immensum
989 892 1075 950 illum
1100 895 1210 954 veteris

94 992 263 1061 memoriae
290 1005 466 1076 apparatum
491 1003 691 1079 oongessistiS‚
717 1005 754 1058 ut
780 1001 897 1059 abditus
927 1005 958 1059 et
980 1002 1111 1060 seclusus
1140 1015 1209 1062 curn

96 1113 210 1172 blattis
242 1115 275 1170 et
303 1112 392 1169 tineis
422 1113 621 1183 conflictatur,
654 1112 707 1169 sed
736 1115 773 1169 ut
801 1111 870 1168 inde
897 1112 1029 1170 homines
1054 1113 1210 1172 literarum

97 1221 230 1281 studiosi
255 1221 454 1280 instrumenta
481 1224 667 1296 expromunt,
695 1221 803 1296 quibus
827 1240 933 1278 aureae
960 1223 1116 1282 vetustatis
1140 1223 1210 1282 ieli-

97 1333 195 1408 qniae
221 1333 422 1408 expoliantur,
452 1337 540 1407 atque
567 1333 677 1390 artium
697 1332 769 1388 adeo
788 1331 954 1389 liberalium
973 1333 1093 1390 tormini
1112 1333 1210 1408 profe-

101 1445 222 1500 rantur.
253 1442 298 1499 Ex
323 1441 425 1498 iisdem
449 1441 594 1498 thesauris
613 1441 724 1498 Vestris
744 1441 889 1516 depromti
909 1443 1042 1513 struthi,
1069 1461 1144 1518 quos
1163 1443 1210 1502 vi·

103 1553 196 1623 detis,
218 1551 321 1609 Graeci
343 1551 421 1608 Jefi:
449 1570 521 1626 quos
550 1552 657 1626 quibus
675 1552 774 1627 potius
794 1570 829 1609 ex
847 1552 941 1610 veteri
961 1551 1089 1609 formula
1108 1553 1210 1610 darem

103 1663 252 1734 dicarem,
280 1681 370 1737 qnam
396 1661 500 1732 Vobis,
527 1663 729 1720 timeamus
757 1661 879 1734 opum,
909 1663 1017 1738 quibus
1036 1663 1122 1738 pleno
1139 1665 1209 1736 jure

102 1769 273 1828 debentur?
291 1769 352 1827 Hos
368 1770 463 1846 igitur
479 1772 634 1847 castigatos
650 1791 668 1828 a
683 1791 731 1829 me
741 1772 901 1847 Latineque
911 1773 1075 1846 versosiia,
1091 1792 1208 1849 quaeso,

102 1879 273 1956 accipiatis,
292 1879 339 1936 uti
359 1878 495 1954 equidem
512 1880 577 1937 illos
594 1884 771 1956 perpetuum
787 1883 864 1958 grati
881 1901 952 1959 erga
968 1882 1026 1941 Vos
1048 1883 1139 1940 animi
1162 1887 1209 1940 te-

103 1989 296 2060 stimonium,
327 1992 359 2046 et
377 1990 572 2048 venerationis
600 1992 733 2049 maximis
761 1992 925 2050 virtutibus
954 1991 1064 2050 Vestris
1093 1993 1209 2050 debitae

104 2101 217 2177 pignus
235 2117 297 2157 esse
315 2098 406 2157 volui.
440 2099 519 2156 Dens
542 2098 609 2175 Opt
630 2101 706 2158 Max.
726 2099 784 2159 Vos
804 2121 893 2177 quam
912 2103 1075 2160 diutissime
1094 2102 1209 2160 ineolu-

105 2229 169 2268 mes
196 2209 391 2284 florentesque
417 2213 559 2284 praestet,
584 2213 620 2269 nt
647 2213 678 2268 et
704 2211 887 2287 respublica
906 2215 937 2270 et
956 2211 1209 2271 literariaVestio

106 2319 251 2394 praesidio
276 2319 433 2377 laetissime
463 2322 577 2396 vigeat,
610 2340 744 2396 novaque
771 2322 803 2379 in
822 2323 883 2380 dies
903 2322 999 2397 capiet
1019 2323 1209 2384 incrementa.

106 2430 181 2488 Dab.
203 2428 230 2488 d.
252 2428 292 2488 98
312 2430 453 2488 Novemb.
474 2431 638 2489 MDCCLH.

153 2569 438 2628 quenesmonun
460 2571 553 2628 Noni·

190 2695 252 2737 nen
269 2681 454 2739 Vssreonuu
777 2683 1053 2758 obsequentissimus
1069 2685 1181 2758 cult-or,

825 2794 921 2851 Dixin
941 2794 1147 2854 Runsssst

148 2979 389 3040 ExiRuhnlrenii
413 2980 439 3038 T
437 2982 603 3040 estimoniis
624 2983 834 3058 discipulorum
853 2983 1096 3041 commendationi
1115 2983 1208 3043 desti-

108 3090 200 3163 natis,
220 3109 347 3166 quorum
364 3093 483 3167 quidem
500 3094 641 3151 memoria
656 3097 771 3153 servata
787 3097 844 3167 est,
863 3114 959 3152 unum
975 3094 1055 3172 lectu
1064 3113 1206 3171 perquem

107 3199 232 3275 dignum
258 3201 396 3260 fasciculo
423 3202 621 3276 Epistolamm
644 3204 682 3262 nd
709 3205 843 3264 Diversos
862 3226 892 3281 p.
911 3203 972 3264 179
991 3206 1104 3264 addidit
1123 3206 1208 3265 Mah-

106 3308 181 3367 nius.
213 3310 304 3368 Nobis
331 3314 480 3385 praeterea
499 3315 614 3387 praesto
634 3317 705 3372 sunt
724 3315 782 3374 duo
804 3315 899 3387 edita,
926 3317 1049 3374 tertium
1073 3318 1205 3376 nondum
1243 3391 1247 3400 ¹

105 3419 228 3478 editum.

146 3530 315 3589 Ruhnkenii
341 3532 397 3590 sibi
426 3533 529 3592 datum
559 3535 770 3597 Testimonium
797 3537 994 3594 academicum
1021 3537 1136 3608 attulit,
1168 3537 1206 3594 de
1236 3609 1241 3624 .

107 3641 174 3698 vin
201 3641 257 3699 viri
282 3659 300 3698 a
327 3641 551 3718 Wyttonbaehio
572 3646 735 3720 conscripta
754 3646 897 3717 referens,
923 3649 1026 3723 gratus
1045 3646 1206 3722 diseipulus

109 3749 142 3806 P.
160 3749 196 3808 Η.
216 3751 350 3824 Menon,
372 3751 417 3811 his
436 3754 547 3812 verbis:
571 3754 613 3813 »O
636 3755 843 3814 Ruhnkeniusl
864 3757 967 3830 depuis
986 3759 1071 3814 notre
1091 3756 1205 3814 odoles-

112 3876 209 3931 oenne,
230 3859 343 3934 quelles
364 3861 537 3938 obligations
556 3883 631 3922 nous
649 3883 722 3923 vous
742 3882 831 3923 avons
851 3863 934 3923 euesl
961 3864 1013 3922 Cot
1032 3867 1142 3924 extruit
1159 3871 1206 3927 est

108 3987 151 4028 un
174 3987 311 4028 neuveau
337 3971 432 4029 tn'bnt
455 3971 493 4030 de
519 3975 604 4031 notre
630 3973 790 4050 gratitudo.
828 3973 909 4032 Nous
934 3993 1107 4035 conservens
1134 3995 1204 4037 aveo

104 4079 217 4156 orguoil
238 4083 285 4138 oet
306 4082 427 4139 attestat
446 4083 634 4158 eoademique
652 4082 688 4140 do
707 4085 790 4141 votre
809 4083 903 4140 main:
1031 4085 1034 4092 '

76 4187 80 4196 “
147 4188 179 4246 Ρ.
201 4189 243 4248 Η.
265 4189 409 4264 Marron,
437 4210 506 4251 cum
531 4195 611 4250 reete
628 4191 800 4268 judicasset,
826 4192 1003 4269 theologiam
1026 4195 1122 4270 majus
1141 4215 1204 4256 osse

111 4297 216 4373 aliquid
241 4319 331 4376 quam
356 4302 446 4377 vulgo
469 4301 600 4361 homines
619 4303 791 4378 opinonem,
818 4304 848 4360 et
868 4321 904 4360 ox
923 4304 1011 4362 variis
1030 4305 1203 4364 reoonditis·
