3064 5210
463 434 505 494 ad
533 432 630 494 Vitam
651 433 841 494 1101011000.
1160 434 1202 494 33

87 637 154 676 uno
187 618 250 677 loco
279 616 310 675 in
337 613 405 674 Vita
431 611 488 674 viri
515 613 579 691 egit
603 609 854 690 wyttenbachius.
893 612 936 674 lle
960 613 1010 686 iis,
1038 613 1200 690 inquibus

89 727 223 787 hectoris
246 724 363 786 nomine
391 723 514 782 Graecos
540 722 695 798 scriptores
722 722 905 782 auditoribus
930 722 1197 798 interpretabatur,

90 859 122 913 p.
145 835 198 908 7l;
225 836 262 896 de
284 833 451 906 Historiois,
471 853 501 910 p.
522 831 563 892 95
582 851 660 909 sqq.;
686 831 723 891 de
742 831 976 908 Antiquitatibus
996 833 1147 906 Romanis,
1166 853 1196 909 p.

92 945 161 1006 108·
175 965 227 1022 sqq
248 945 284 1006 de
303 946 339 1005 iis
359 945 485 1022 denique
505 961 580 1020 quae
601 943 713 1002 Latinis
731 943 920 1018 scriptoribus
941 943 1198 1002 destinataeerant

94 1058 149 1116 hoe
174 1058 245 1115 1000.
278 1055 319 1113 01.
343 1057 450 1114 Annot.
470 1058 570 1114 nostra
590 1073 619 1128 p.
640 1052 715 1126 433,
736 1050 798 1112 430
813 1071 856 1128 sq.
876 1051 937 1111 135
956 1071 998 1129 sq.
1019 1057 1050 1112 et
1070 1052 1196 1112 Praeiat

93 1166 132 1223 ad
160 1165 264 1240 Opusc.
293 1186 321 1240 p.
340 1161 433 1246 XLIX
459 1181 501 1240 sq.
529 1163 740 1222 Friedernanno
759 1181 788 1238 p.
810 1161 1041 1223 exve-cxvii
1082 1164 1196 1222 Hormn

93 1277 280 1334 Dictatorum
310 1263 454 1350 quaedam
482 1273 534 1331 diu
560 1275 626 1349 post
651 1273 708 1332 viri
735 1273 849 1332 obitum
875 1273 907 1332 in
934 1272 1030 1333 lucem
1049 1277 1197 1349 protracta

94 1389 176 1444 sunt.
218 1384 292 1444 (inm
316 1383 451 1444 Terentii
470 1383 624 1444 comoediis
639 1382 806 1442 Ruhnkenii
822 1383 854 1442 in
870 1401 919 1443 eas
933 1383 1195 1460 Dimcaprimum

94 1495 190 1554 edidit
215 1494 360 1554 Brnnsius
385 1513 410 1551 a.
430 1491 519 1552 1811.
546 1494 709 1553 Brunsiano
729 1493 861 1570 exemplo
880 1495 1063 1554 emendatius
1082 1495 1197 1555 multis-

91 1624 153 1681 que
178 1604 311 1681 partibns
337 1603 482 1681 integrius
503 1622 537 1662 er
557 1603 726 1681 apographo
744 1603 961 1682 Hambnrgensi
981 1605 1106 1681 repetita
1125 1607 1196 1665 snut

92 1733 166 1774 cura
190 1713 302 1774 badar.
329 1713 486 1790 Schopeni,
507 1714 627 1772 Bonum
647 1712 735 1774 1835.
767 1713 880 1773 Scholia
899 1714 931 1773 in
953 1713 1092 1776 Suetonii
1113 1717 1194 1777 Vites
1275 1763 1278 1771 .

91 1826 261 1896 Caesenam,
289 1824 397 1901 quibus
419 1823 482 1900 jam
508 1823 541 1883 in
567 1824 706 1884 Suetonio
730 1824 842 1883 edendo
861 1825 970 1900 partim
987 1843 1059 1884 usus
1080 1831 1142 1884 erat
1162 1827 1193 1885 It.

94 1933 287 2006 10010,
309 1933 403 1992 edidit
420 1933 484 1992 Jao.
506 1932 590 2006 Geel,
616 1933 755 2010 Lugduni
773 1935 875 1994 B'atan
896 1932 984 1994 1838.
1026 1935 1143 1994 Dictata
1163 1938 1194 1996 in

98 2041 201 2102 Ovidii
216 2041 358 2102 Heroides
374 2044 404 2101 et
420 2042 597 2104 Albinovani
612 2042 735 2120 elegiam
751 2033 880 2120 primurn
894 2043 986 2106 edidit
995 2045 1074 2104 Frid.
1087 2047 1192 2124 Traug.
1240 2039 1243 2049 '

95 2151 305 2226 Friedemann,
336 2153 413 2229 Lips.
442 2149 531 2211 1831.
575 2152 612 2212 In
642 2153 848 2230 Antiquitatcs
878 2153 1037 2214 Romanas
1067 2157 1194 2234 denique

94 2261 250 2323 1001101100
266 2263 457 2337 academicae,
479 2264 545 2338 pest
561 2263 725 2324 inchoatam
742 2265 889 2340 quendem
905 2265 1049 2325 birtmdtii
1060 2287 1192 2345 sperem,

93 2372 187 2430 edidit
214 2371 249 2431 H.
277 2372 307 2430 0.
337 2373 371 2430 Α.
398 2373 565 2445 Eiehsudt,
593 2373 805 2448 Speciminibus
825 2374 959 2450 deinceps
978 2376 1076 2449 xm,
1101 2378 1194 2438 ,lonae

93 2479 302 2553 1818-1835,
320 2481 427 2556 quibus
454 2501 492 2540 an
513 2483 549 2541 ad
569 2481 657 2542 finem
676 2484 818 2559 perducta
837 2485 875 2542 sit
895 2504 997 2561 opera,
1018 2487 1113 2547 dicere
1134 2507 1193 2550 non

94 2609 255 2666 possumus.
309 2589 460 2650 Ciceronis
489 2591 533 2650 ad
564 2591 747 2652 Familiares
778 2594 934 2670 epistolae,
965 2615 1037 2673 quas
1067 2597 1193 2658 diximus

94 2721 123 2777 p.
146 2699 223 2773 136,
250 2701 381 2760 absoluto
408 2702 574 2762 scholarum
597 2721 701 2780 penso,
728 2705 783 2764 sub
803 2703 891 2764 finem
911 2706 982 2764 anni
1000 2707 1128 2768 cursorie
1147 2708 1193 2768 in-

94 2810 248 2887 terpretari
267 2811 387 2870 solitum
406 2809 737 2885 cressementum,
761 2815 796 2872 ab
817 2815 942 2890 ampliss.
964 2816 1000 2874 Η.
1018 2837 1075 2876 van
1092 2818 1192 2894 Royan

95 2919 242 2996 quendem
261 2921 434 2996 accepimus.
445 2954 484 2967 -
495 2922 662 2982 Ruhnkenii
676 2913 881 2999 protheotisto,
902 2925 1192 3001 sivepraeviasscho

95 3030 130 3087 lis
156 3029 324 3104 aperiendis
345 3030 540 3105 pmlusiones,
568 3033 700 3108 quinque
728 3033 819 3092 edidit
838 3034 973 3094 Mahnius
992 3037 1022 3094 in
1043 3036 1191 3114 Supplem.

97 3139 168 3215 llpp.
189 3139 356 3200 Ruhnkenii
376 3143 406 3198 st
426 3142 642 3216 Wyttenbaohii
662 3163 689 3219 p.
711 3141 839 3201 36-39.

135 3249 272 3312 Omnium
299 3251 403 3310 horum
428 3252 611 3312 Dictaturam
634 3253 766 3329 exempla
784 3256 965 3332 autographa
988 3257 1096 3318 adsunt
1114 3261 1193 3322 inter

95 3351 306 3418 Ruhnkeniane
332 3361 363 3420 in
390 3362 570 3422 Bibliotheca
592 3361 877 3440 Lugduno-Batara,
908 3367 1069 3426 secundum
1100 3370 1192 3431 Geelii

95 3469 183 3528 00101.
211 3471 310 3529 metor.
338 3470 386 3529 N0.
411 3469 487 3544 663,
509 3470 584 3542 590,
605 3470 679 3545 583,
700 3451 775 3546 547,
797 3492 829 3534 aa
847 3475 1003 3550 praeterea
1017 3477 1135 3563 Scholae
1155 3480 1192 3538 de

96 3580 303 3656 Xenophontis
326 3580 587 3655 Memorabilibac,
611 3579 661 3644 N⁰.
682 3581 768 3657 310,
785 3603 818 3643 ac
839 3586 875 3643 de
897 3585 1192 3664 Laeae'Enanpelio

95 3694 125 3746 et
143 3691 225 3750 Actis
245 3691 476 3768 Apostolorum,
498 3694 548 3754 Na,
569 3692 628 3752 377
646 3693 768 3767 01331,
788 3695 930 3770 siquidem
946 3698 986 3756 ibi
1005 3716 1057 3773 pro
1069 3697 1191 3758 Scholia

96 3799 249 3875 legendum
267 3806 313 3862 est
334 3800 469 3862 scholae.
1075 3809 1078 3817 '

133 3909 164 3966 P.
186 3908 252 3970 113.
275 3909 479 3974 1100010001
489 3915 633 3973 -mittit
649 3917 704 3993 qai
719 3918 747 3975 ei
761 3917 942 3977 cathedram
952 3918 1190 4000 luculentoque·

94 4019 136 4077 aie
163 4037 235 4080 0001
261 4020 375 4084 salario
401 4023 541 4100 offerret,
561 4030 591 4084 et
614 4030 752 4104 accipere
768 4028 995 4111 persuaderet]
1035 4031 1117 4092 Fecit
1136 4032 1189 4092 hoc

93 4147 141 4205 per
167 4130 329 4208 Junginm,
357 4134 554 4194 consiliarium
574 4137 705 4212 regium,
727 4139 811 4208 cuius
832 4139 885 4196 hee
903 4142 973 4197 sunt
993 4141 1028 4198 ad
1049 4141 1188 4204 Ruhnke-

93 4239 171 4298 nium
192 4240 277 4300 datae
296 4243 414 4302 literae:
